3580 5586
385 451 424 506 56
812 471 881 513 rae.
905 451 959 515 lV.
983 470 1054 515 cot.
1078 453 1102 515 1.

384 579 602 657 cumscapcd
626 599 646 640 a
673 583 938 646 comoirbertoc
960 585 1063 646 ttulit
1087 585 1139 663 fri
1162 584 1246 646 ceole
1272 585 1450 664 foirbtat'd
1478 587 1530 670 (gl.

384 691 476 766 atquc
511 705 601 750 omne
643 690 779 752 studium
817 708 911 754 suum
951 692 1138 772 depellendis
1177 693 1264 755 uitiis
1308 694 1527 778 admouerent)

383 801 432 858 Ml.
460 805 504 858 77.
531 804 600 860 (ium
628 804 690 861 solo
719 807 838 876 praefixo
865 804 923 861 etr
947 819 958 860 :
986 808 1036 864 Ml.
1063 818 1109 862 ca
1136 801 1399 864 carebertatar
1426 803 1530 865 alell

387 895 436 977 (gl.
460 898 540 982 frati)
570 907 619 978 753
642 903 773 963 creber
798 903 902 964 cluat
930 901 979 985 (gl.
1002 903 1151 986 degentis)
1167 913 1216 983 983
1237 906 1400 967 erbertus
1426 907 1530 968 biert

387 1002 436 1085 (gl.
465 1005 621 1088 uescendi)
648 1015 717 1088 2⁰93
744 1011 840 1072 bueo
867 1013 1036 1074 erbirmls
1061 1014 1164 1075 bault
1194 1012 1244 1096 (gl.
1272 1017 1375 1078 exillo
1393 1019 1530 1097 tempore

382 1129 444 1194 quo
485 1115 680 1196 degebamus)
717 1123 787 1180 277.
826 1152 866 1164 -
905 1123 919 1179 a·
955 1121 1159 1184 roboramur
1192 1121 1241 1204 (in
1282 1141 1344 1204 quo
1380 1124 1527 1206 fuimus).

383 1235 457 1292 Ante
480 1228 493 1284 i
519 1235 616 1291 locum
652 1235 742 1292 fuisse
769 1237 863 1294 videri
890 1243 987 1307 potest
1018 1239 1141 1308 singulae
1179 1240 1288 1296 litterae
1316 1253 1381 1310 quae
1406 1241 1531 1297 tortasse

384 1341 474 1397 suerit
511 1349 534 1392 lt
570 1341 722 1411 pertinens
759 1344 795 1400 ad
830 1345 1065 1402 terminationem
1100 1343 1221 1414 genitivi
1256 1343 1297 1415 pl.
1335 1345 1531 1416 praecedentis

377 1438 575 1517 poeticae-a.
606 1445 662 1503 Sed
687 1442 802 1511 integra
829 1441 924 1510 glossa
948 1444 993 1496 est
1018 1441 1090 1497 adeo
1112 1454 1196 1497 erasa
1221 1441 1324 1497 utrix
1350 1440 1408 1510 legi
1427 1442 1530 1512 possit.

425 1547 473 1606 l3.
500 1545 532 1604 is
561 1541 602 1603 ed
627 1537 746 1601 setcbe
762 1535 797 1618 (l)
825 1538 983 1598 comedia
1012 1533 1070 1617 (cst
1092 1537 1152 1600 ista
1178 1552 1256 1598 uxor
1282 1533 1465 1620 Samsonis).
1489 1569 1531 1584 -

383 1655 482 1712 Lectio
507 1643 628 1706 setclte
651 1649 740 1707 dubia
767 1654 821 1705 est.
849 1649 947 1704 Tertia
972 1648 1050 1704 euim
1075 1649 1179 1727 littera
1202 1658 1291 1718 pror
1316 1647 1417 1705 haberi
1432 1653 1532 1719 posset

384 1761 415 1812 et
441 1761 508 1826 post
532 1753 691 1812 secundam
724 1765 740 1806 e
771 1755 927 1822 vestigium
962 1759 1085 1824 apparet
1121 1753 1185 1809 aliae
1215 1751 1322 1808 litterae
1352 1766 1417 1822 quae
1447 1765 1530 1807 erasa

384 1859 484 1916 fuerit.
515 1860 640 1916 Dubium
667 1863 792 1928 augetur
816 1871 852 1912 en
876 1873 912 1914 eo
939 1859 1016 1928 quod
1038 1859 1107 1914 dum
1135 1872 1298 1929 pronomen
1324 1849 1365 1910 ed
1392 1863 1529 1915 neutrum

384 1973 439 2030 est,
456 1967 669 2024 substantivum
693 1957 813 2018 secale
841 1955 938 2038 (uxor)
958 1969 1149 2022 enumeratur
1164 1966 1242 2021 inter
1254 1965 1409 2029 feminina,
1422 1969 1449 2022 Ζ.
1467 1967 1528 2020 257.

383 2078 481 2132 Posset
522 2080 620 2132 autem
655 2075 724 2130 lude
763 2072 868 2144 conjici
892 2073 981 2130 lectio
1024 2063 1166 2124 serebas
1211 2087 1277 2129 cum
1318 2072 1530 2142 significatione

261 2181 264 2186 “
383 2175 536 2254 illecebra,
563 2175 689 2249 aruasia,
713 2176 865 2249 scortum3
894 2178 997 2237 confer
1023 2175 1226 2233 saerctceso
1252 2169 1430 2252 (illecebras)
1453 2180 1529 2261 apud

382 2294 411 2348 Ζ.
438 2293 517 2346 1008.

423 2391 472 2450 lc.
502 2385 598 2448 sitital
625 2383 758 2466 (situla),
781 2408 859 2451 nom.
885 2393 959 2464 sing.
988 2394 1162 2451 substantivi
1189 2395 1259 2451 iem.
1279 2394 1317 2464 cs,
1346 2393 1460 2452 O'Dav.
1483 2394 1526 2450 Gl.

383 2499 429 2556 ed.
458 2499 581 2556 astole.
608 2499 651 2554 th.
678 2501 716 2553 lr.
745 2497 785 2567 gl.
810 2500 901 2554 xlllll.
928 2501 973 2559 bi.
1007 2529 1010 2544 ·

424 2605 472 2663 Π.
502 2598 626 2660 teliore
655 2597 859 2675 l::dot'9tbe
888 2595 937 2677 (gl.
966 2597 1130 2676 limpidum
1159 2596 1335 2680 liquorem).
1365 2609 1465 2664 Glossa
1485 2613 1529 2664 est

382 2712 466 2769 valde
495 2727 588 2770 erasa.
619 2739 659 2750 -
690 2706 770 2766 lico
801 2703 1004 2786 (liquorem);
1034 2729 1061 2770 v.
1077 2714 1150 2771 O'li.
1181 2706 1262 2765 linc
1297 2703 1425 2785 (vater);
1450 2706 1530 2765 licet

381 2814 485 2872 insert
524 2810 600 2893 (this
629 2823 716 2892 pcol)
744 2824 825 2880 Stok.
859 2825 942 2881 Goid.
971 2827 1017 2884 db·
1053 2847 1094 2860 -·
1136 2813 1339 2892 lectalecta
1374 2823 1529 2892 legendum

382 2928 507 2985 sortasse
534 2921 753 3002 lapdatqtle
780 2921 969 3004 (haustum),
998 2930 1067 2987 O'll.
1097 2920 1365 2999 lccbdca'pbtbc
1392 2918 1526 3003 (leden),

381 3035 427 3090 vel
462 3027 674 3107 ltqdoiqtlte
711 3053 728 3094 a
762 3031 862 3109 liqde
907 3025 1087 3111 (liquidus),
1125 3035 1206 3092 Stoi.
1235 3037 1313 3106 goid.
1344 3038 1394 3102 38,
1427 3028 1530 3108 lipdo

384 3130 543 3215 (suining);
587 3137 689 3215 lepos
729 3137 773 3198 do
813 3135 1031 3215 lcebdoqoib
1069 3133 1155 3215 (quae
1195 3135 1345 3214 liquescat
1383 3133 1527 3217 liquidis)

380 3251 409 3304 Z.
433 3254 513 3320 tolle
539 3250 590 3306 Eb.
606 3253 679 3308 Beit.
698 3254 729 3307 ll.
750 3254 794 3306 26.
809 3255 869 3309 lloc
896 3255 1008 3306 tantum
1036 3254 1150 3306 certum
1177 3249 1303 3316 videtur,
1329 3249 1407 3305 inter
1428 3242 1529 3306 leid
1604 3232 1606 3240 ’

381 3355 494 3413 duabus
522 3356 639 3422 litteris,
667 3371 748 3431 punc
773 3358 876 3423 erasis,
904 3357 1001 3412 locum
1028 3355 1128 3414 luisse.

421 3455 470 3514 la.
501 3455 589 3513 toea
624 3453 826 3514 brodscood
859 3452 1022 3530 copiaco
1052 3449 1086 3531 .).
1122 3451 1298 3512 decibalo
1329 3469 1369 3512 os
1400 3471 1457 3513 cos
1482 3471 1528 3514 ato

382 3559 469 3618 :tait
517 3559 591 3636 frte
643 3556 826 3640 (quisquilia
873 3558 1035 3622 inmunda
1075 3559 1097 3620 i.
1139 3575 1167 3620 e.
1213 3574 1280 3638 que
1328 3558 1443 3638 colligit
1492 3574 1528 3620 ex

382 3711 442 3727 .....
447 3667 480 3726 in
520 3663 583 3747 ca).
617 3675 715 3733 Lectio
755 3676 869 3732 incerta
905 3675 942 3732 ob
981 3675 1145 3732 erasionem
1187 3675 1351 3732 litterarum
1389 3680 1420 3731 et
1460 3675 1529 3731 inde

380 3780 586 3850 interpretatio
616 3795 699 3851 oeque
729 3781 830 3838 dubia,
874 3805 915 3818 -
954 3776 1044 3833 inea
1084 3771 1286 3833 brodscood
1325 3768 1526 3852 (quisquilia),

380 3901 441 3944 acc.
456 3887 497 3959 pl.
513 3886 688 3946 substantivi
711 3894 793 3945 neut.
817 3889 982 3958 compositi,
1002 3889 1080 3960 quod
1098 3888 1230 3944 occurrit
1244 3888 1274 3942 in
1289 3886 1352 3942 tib.
1370 3888 1451 3956 Hym.
1469 3887 1526 3940 18:

379 3985 547 4063 ciscilium,
584 3987 616 4048 .i.
647 3986 753 4046 brotb
779 3987 832 4048 ucl
860 3987 1051 4048 drctbscoa
1079 3988 1111 4048 .i.
1142 4005 1222 4066 spec
1245 3985 1288 4046 do
1316 3983 1438 4046 setrid
1465 3985 1530 4046 iod

379 4092 500 4150 circae
540 4089 584 4150 do
622 4086 849 4170 cbam[tirc].
883 4122 924 4134 -
949 4091 1111 4168 captane
1157 4083 1354 4168 (immunda),
1395 4107 1458 4150 acc.
1486 4094 1528 4164 pl.

380 4206 460 4257 neut.
488 4200 626 4274 adjectivi
655 4200 809 4271 compositi
834 4201 980 4270 particula
1004 4201 1148 4270 privativa
1171 4209 1216 4252 oc
1240 4204 1271 4255 et
1293 4190 1381 4269 plac
1405 4187 1525 4269 (puruS,

378 4296 540 4381 mundus).
572 4307 614 4364 cl.
641 4307 735 4363 tuost.
773 4298 949 4377 captatae
991 4295 1224 4376 (immunditie)
1250 4307 1280 4360 Ζ.
1305 4305 1367 4359 257.
1400 4303 1462 4356 829.
1492 4328 1525 4340 -
