3580 5586
644 1489 940 1596 bahaluc
968 1479 977 1519 ¹

269 2437 384 2491 Praebeo
415 2433 485 2486 viris
514 2432 606 2486 doctis
637 2431 792 2485 nonnullas
820 2430 962 2496 glossulas
990 2429 1168 2489 hibernicae,
1193 2431 1341 2493 excerptas
1365 2441 1381 2481 e

155 2557 156 2560 ¹
237 2537 351 2590 laciniis
379 2533 486 2588 vetusti
514 2534 621 2586 codicis
645 2532 826 2586 bibliothecae
857 2530 928 2584 olim
955 2529 1111 2590 bobiensis
1140 2541 1213 2595 quas
1237 2529 1382 2581 Amedeus

238 2637 361 2701 Peyron,
388 2633 432 2686 vir
456 2632 646 2696 clarissimus,
675 2631 801 2684 concivis
823 2645 922 2694 meus,
943 2631 1029 2684 tineis
1052 2630 1159 2696 eripuit
1181 2630 1258 2682 etin
1277 2628 1379 2681 biblio-

239 2733 352 2787 thecam
380 2729 555 2782 taurinensis
582 2729 706 2782 athenaei
738 2728 845 2794 optimo
879 2727 1000 2781 consilio
1033 2727 1207 2794 jampridem
1237 2725 1346 2792 recepit
1359 2728 1378 2774 ’ς

269 2966 290 3015 l.
307 2965 392 3020 Quum
404 2964 457 3026 jum
471 2963 527 3013 haec
548 2963 645 3028 scripio
664 2965 749 3022 erant,
764 2962 837 3024 novi,
860 2960 973 3012 codicem
986 2960 1161 3010 taurinensem
1181 2958 1279 3010 editum
1295 2971 1352 3008 esse
1365 2973 1380 3008 a

236 3043 293 3093 viro
314 3043 344 3092 de
368 3043 466 3092 celticis
490 3041 584 3092 studiis
597 3043 693 3106 optimc
706 3041 812 3101 merito,
836 3041 948 3104 Whitley
971 3041 1076 3100 stokes,
1098 3039 1125 3088 in
1145 3038 1212 3088 libro
1231 3038 1377 3102 inscripto:

238 3139 252 3170 «
269 3113 427 3190 Goidilica,
446 3133 480 3176 or
494 3120 581 3176 notes
593 3131 633 3175 on
649 3116 700 3174 the
714 3112 816 3176 Gaelic
830 3115 1039 3190 manuscripts
1050 3112 1213 3190 preserved
1227 3109 1377 3184 atanin,

236 3195 344 3271 Milan,
362 3194 473 3270 Barna,
493 3195 628 3272 heyden,
648 3195 698 3254 the
712 3193 881 3272 Monastery
901 3195 934 3254 of
948 3191 991 3253 St.
1014 3191 1104 3267 Paul,
1131 3191 1300 3264 Cariathia,
1317 3191 1379 3250 and

170 3329 176 3340 .
236 3274 424 3353 Cambridge,
437 3275 511 3338 with
522 3275 606 3352 eight
619 3275 731 3353 hymns
744 3274 824 3334 from
838 3275 889 3334 thc
904 3273 998 3332 liber
1012 3273 1233 3350 hymnorum,
1252 3271 1313 3330 and
1328 3271 1379 3330 the

236 3355 381 3415 old-irish
396 3360 483 3415 notes
494 3357 526 3414 in
545 3356 595 3414 thc
608 3355 686 3414 book
699 3354 732 3414 of
741 3353 885 3432 Armagh.
902 3353 1010 3414 Editcd
1022 3353 1063 3430 by
1072 3351 1121 3413 W.
1135 3349 1165 3412 S.
1177 3350 1356 3412 -Galcutta
1369 3366 1375 3408 :

234 3434 383 3512 privately
399 3435 519 3511 printed
540 3434 587 3494 for
604 3435 655 3494 the
670 3435 767 3494 editor
781 3435 821 3511 by
842 3434 893 3493 the
911 3431 1046 3494 Galcutta
1061 3432 1176 3492 central
1191 3448 1279 3509 press
1294 3447 1378 3491 com-

234 3531 323 3592 pany,
341 3515 468 3574 limited.
487 3519 574 3574 lato.
591 3535 605 3568 r
620 3523 692 3569 Hanc
706 3523 790 3569 tamen
804 3535 895 3570 novam
906 3520 1003 3570 codicis
1013 3519 1169 3569 taurinensis
1179 3517 1318 3568 editionem
1327 3531 1378 3566 non

233 3600 450 3650 intermittendam
462 3600 560 3664 putavi.
577 3603 640 3650 Nam
653 3599 720 3648 liber
734 3614 810 3663 quem
823 3599 904 3650 edidit
920 3598 1032 3661 Whitley
1048 3597 1140 3646 stokes
1158 3595 1260 3660 privato
1280 3598 1379 3644 tantum

232 3681 293 3730 usui
309 3679 451 3729 destinatus
464 3683 511 3739 est,
526 3693 572 3729 nec
586 3693 688 3744 semper
701 3680 856 3744 caeteroquin
871 3694 931 3730 cum
945 3679 1014 3728 claro
1025 3677 1123 3726 editore
1137 3676 1268 3725 consentio
1282 3678 1338 3724 tum
1352 3675 1377 3722 in

233 3760 342 3809 lectione
356 3762 409 3808 tum
433 3759 460 3808 in
482 3759 690 3822 interpretatione
712 3760 864 3823 glossarum.
890 3759 997 3808 Librum
1017 3756 1048 3807 ad
1066 3770 1106 3806 me
1119 3755 1191 3805 misit
1205 3759 1243 3804 W.
1258 3758 1293 3806 M.
1308 3758 1375 3804 ilen—
1462 3825 1465 3832 .

233 3853 314 3902 nessy,
332 3837 476 3898 Ilibernus,
491 3838 638 3888 excellentis
654 3838 777 3888 doctrinae
791 3838 839 3894 vir,
860 3852 919 3887 cum
932 3837 999 3887 notis
1014 3836 1184 3900 consiliisque
1197 3836 1265 3896 suis,
1282 3835 1378 3900 quibus

232 3921 310 3968 etiam
325 3933 387 3968 usus
401 3933 468 3968 sum.
484 3920 539 3975 Qua
554 3919 585 3968 de
599 3932 626 3968 re
639 3919 733 3982 gratias
747 3919 770 3966 ei
784 3917 908 3982 plurimas
923 3918 965 3966 hic
978 3917 1081 3981 publice
1095 3930 1149 3979 ago.
1165 3915 1314 3965 Fasciculus
1327 3915 1378 3980 pri-

232 4012 291 4048 mns
304 4011 377 4048 novae
392 3998 537 4048 Zeussianaa
552 3999 724 4062 grammatica
737 3997 872 4058 editionis,
888 4011 965 4062 quam
980 3996 1079 4046 curavit
1101 3999 1133 4045 H.
1150 3995 1225 4056 abel,
1245 3995 1328 4044 serius
1346 3993 1377 4044 ad

232 4092 273 4128 me
287 4079 412 4142 pervenit,
429 4077 497 4142 quod
511 4077 597 4141 dolco;
621 4079 700 4143 hujus
718 4079 787 4128 enim
807 4078 925 4142 praeclari
948 4077 1034 4143 operis
1057 4075 1154 4127 auxilio
1174 4075 1240 4126 forte
1257 4075 1332 4140 plura
1349 4075 1376 4124 in

232 4157 382 4222 praefatione
395 4160 421 4207 et
435 4157 462 4206 in
475 4157 682 4208 adnotationibus
697 4157 894 4209 emendaverim.
1064 4195 1067 4201 a

263 4239 287 4288 2.
301 4240 329 4288 h.
345 4241 452 4302 Peyron.
468 4241 502 4290 M.
518 4243 547 4290 Τ.
567 4239 697 4291 Ciceronis
720 4238 859 4302 fragmenta
877 4227 981 4288 inedita.
1008 4239 1101 4300 stuttg.
1124 4238 1149 4286 et
1169 4235 1280 4300 Tubing.
1305 4235 1373 4288 isti.

232 4319 276 4368 v1.
294 4318 346 4370 192.
