3580 5586
432 493 471 550 tn
854 507 923 550 rso.
947 487 990 550 ΙΙ.
1014 504 1086 552 oon.
1110 485 1153 548 ΙΙ.

430 620 522 684 eredo
567 621 650 702 quod
688 622 835 684 recitatur
874 623 907 682 in
948 619 1123 700 baptismo).
1167 652 1207 664 -—
1231 617 1412 696 qotdtlter,
1451 627 1468 682 3
1499 638 1578 696 pers.

431 737 506 807 sing.
535 738 596 826 ind.
625 751 714 809 pnes.
741 750 818 808 pass.
851 735 933 794 verbi
968 728 1119 806 qudeim,
1161 725 1330 805 patrum,
1369 735 1397 788 z.
1424 734 1487 793 dno.
1514 734 1578 798 895,

429 845 509 914 quod
543 844 643 915 plures
677 842 766 900 habet
805 842 1053 912 significationes,
1102 855 1207 911 nempe
1245 858 1253 896 ε
1297 831 1430 910 accipio,
1470 847 1577 909 sunto,

430 940 580 1016 contineo,
612 941 709 1020 eapio,
737 957 886 1019 compono
916 949 1058 1004 eteniam
1085 939 1191 1016 recito,
1219 953 1306 1014 nano,
1338 959 1404 1015 quae
1431 948 1578 1014 postrema

427 1056 603 1125 significatio
629 1056 743 1114 obtinet
768 1071 846 1127 saepa
872 1055 903 1111 in
930 1044 1287 1126 unanimantem
1318 1041 1368 1124 (gl.
1399 1043 1579 1106 decantatus

430 1159 491 1232 est,
521 1163 674 1233 psalmus);
703 1156 847 1218 eomdod
883 1159 915 1217 st
950 1158 1125 1216 amserstn
1163 1151 1369 1230 ronpadtlre
1406 1154 1444 1210 tn
1485 1149 1578 1212 sulm

432 1255 482 1339 (gl.
518 1261 600 1340 qnod
633 1263 666 1324 in
699 1262 967 1324 tabernaculorum
1003 1263 1191 1338 confixione,
1228 1269 1285 1337 leg.
1316 1265 1519 1334 confectione,
1559 1255 1578 1317 a

428 1365 516 1428 heato
544 1369 637 1432 dauid
664 1370 706 1432 sit
730 1371 868 1450 psalmus
899 1372 957 1432 iste
987 1371 1192 1449 compossitos
1226 1385 1288 1447 quo
1322 1370 1459 1444 tempore
1484 1367 1577 1426 etiarn

430 1473 556 1552 frugum
581 1491 648 1554 qua
668 1492 723 1554 per
743 1477 877 1538 decimas
904 1476 1110 1538 offerebantur
1133 1474 1200 1536 sseri
1226 1473 1341 1536 solebat
1369 1480 1472 1538 inlatio
1500 1473 1521 1533 i.
1546 1487 1573 1532 e.

428 1584 512 1659 quod
539 1583 580 1646 sit
613 1583 671 1646 hoe
704 1587 827 1662 tempus
855 1599 916 1664 quo
950 1587 1138 1663 compositus
1172 1582 1211 1642 sit
1240 1579 1389 1661 psalmus)
1421 1591 1465 1656 533
1495 1578 1579 1642 indi

429 1681 464 1751 sl
488 1687 647 1766 ropabod
680 1691 717 1748 in
741 1688 833 1748 sulm
867 1689 978 1766 sonae
1006 1705 1024 1764 7
1056 1692 1145 1749 cessi
1181 1691 1316 1749 utmser
1351 1688 1389 1748 ltr'
1422 1686 1577 1765 rooboth

432 1793 483 1876 (gl.
510 1795 578 1856 siue
604 1793 662 1855 hoa
694 1810 805 1854 uertun
842 1795 882 1856 sit
914 1795 981 1855 siue
1016 1793 1129 1855 falsum
1156 1793 1177 1854 i.
1203 1810 1230 1854 e.
1260 1797 1366 1854 utrum
1396 1791 1578 1854 decantatus

430 1903 472 1964 sit
498 1900 637 1980 psalmus
662 1917 719 1963 nae
745 1919 785 1963 ne
812 1905 842 1963 et
866 1902 949 1980 quod
980 1901 1021 1962 sit
1052 1905 1174 1979 tempus
1205 1917 1267 1980 quo
1302 1901 1481 1962 decantatus
1516 1897 1574 1979 est)

430 2016 484 2084 ib.;
513 2005 578 2067 iud
605 2008 745 2084 firinne
774 2012 862 2070 inno
887 2012 980 2069 stotr
1006 2006 1213 2085 sooroqbod
1241 2006 1415 2066 insolrnso
1441 2002 1578 2086 (gronio

427 2113 469 2175 ed
488 2111 600 2192 psalmi
620 2113 721 2190 magis
742 2113 931 2175 intellectum
952 2115 1083 2175 nitimur
1103 2111 1277 2192 peruenire)
1298 2119 1351 2188 tb.;
1375 2111 1438 2172 dia
1458 2111 1578 2188 sessor

430 2218 495 2278 ind
530 2223 660 2280 atmser
693 2219 730 2279 lte·
765 2220 966 2297 ropubtltur
997 2223 1034 2279 in
1074 2219 1166 2280 sulm
1206 2221 1305 2278 conte
1343 2217 1578 2278 dombertlrar

429 2323 578 2402 foreeill
612 2324 676 2384 dtu
714 2325 806 2385 titul
844 2321 940 2402 usftr
970 2329 1033 2384 unt
1066 2324 1202 2384 elanus
1234 2321 1284 2402 (gl.
1313 2339 1384 2384 nam
1411 2323 1437 2384 si
1463 2323 1578 2384 sciatur

427 2432 550 2506 tempus
575 2429 608 2489 in
633 2445 695 2507 quo
721 2429 860 2507 psalmus
885 2430 1064 2492 decantatus
1097 2432 1143 2492 est
1181 2432 1280 2506 potest
1313 2429 1437 2508 quidem
1465 2447 1576 2508 super-

427 2533 589 2612 scriptioni
618 2533 701 2611 quod
736 2551 810 2596 uera
845 2537 886 2596 sit
913 2535 1073 2612 perhibere
1107 2535 1318 2596 testimonium
1347 2550 1355 2594 ε
1384 2538 1486 2596 tamen
1513 2551 1576 2596 non

426 2640 526 2716 potest
562 2638 654 2699 etiam
692 2639 842 2700 dictorum
878 2640 1020 2702 notitiam
1049 2639 1170 2700 tradere
1204 2638 1452 2716 intellectumque
1485 2653 1576 2700 rese-

426 2741 513 2824 rare)
544 2751 597 2821 ib.;
624 2748 661 2804 tn
688 2749 762 2806 eois
789 2762 807 2822 7
836 2749 873 2806 tn
894 2749 1045 2824 catnqin
1072 2743 1281 2822 uroroqdod
1303 2744 1436 2804 insalm
1470 2742 1504 2822 .f.
1535 2761 1578 2804 or

426 2849 567 2928 lonqots
607 2855 731 2912 ioniae
767 2868 855 2912 eona
892 2852 1003 2930 popul
1042 2849 1091 2930 (gl.
1121 2851 1262 2929 superior
1291 2866 1366 2912 sane
1394 2865 1465 2927 pars
1492 2849 1577 2911 tituli

424 2974 550 3020 oausam
590 2960 702 3020 eantiei
742 2959 871 3020 interior
911 2957 1123 3035 inscriptionis
1170 2960 1293 3034 tempus
1332 2955 1466 3016 ostendit
1495 2955 1516 3015 i.
1546 2971 1574 3016 e.

424 3076 551 3122 oausam
578 3065 608 3122 et
633 3061 783 3123 rationem
812 3064 1049 3139 propterquam
1077 3059 1256 3120 decantatus
1277 3059 1323 3120 est
1343 3057 1481 3136 psalmus
1502 3057 1523 3118 i.
1546 3073 1573 3118 e.

424 3171 549 3246 propter
570 3167 697 3227 exilium
718 3165 812 3228 Joniae
834 3183 905 3228 curn
920 3183 977 3227 suo
989 3161 1113 3244 populo)
1130 3168 1198 3242 ⁴5⁴3
1215 3163 1252 3224 lu·
1272 3163 1382 3242 repat
1402 3163 1577 3223 insalmso

427 3267 478 3349 (gl.
507 3273 629 3348 tempus
657 3267 879 3351 inscriptionis)
910 3278 952 3333 ib.

464 3377 760 3456 disseminetur
789 3375 1014 3458 (amaricatur),
1041 3387 1058 3440 3
1083 3398 1162 3454 pers.
1192 3384 1267 3452 sing.
1291 3396 1377 3454 praes.
1406 3383 1467 3440 ind.
1497 3396 1576 3452 pass.

423 3494 507 3550 verbi
546 3493 663 3550 denom.
695 3494 733 3550 ab
776 3493 832 3563 adj.
872 3485 951 3546 serb
978 3480 1137 3564 (amarus).
1175 3489 1217 3546 Gi.
1252 3502 1382 3560 compar.
1412 3481 1577 3542 intrariae

426 3588 618 3672 (amarius),
646 3597 738 3655 subse.
766 3591 864 3652 sert-e
904 3585 1112 3671 (amaritudo)
1147 3600 1175 3652 z.
1202 3599 1245 3656 12.
1276 3599 1372 3656 257·8.
1405 3599 1467 3668 5633
1491 3598 1573 3656 Stok.

424 3709 463 3766 lr.
493 3707 531 3777 gl.
560 3721 589 3778 p.
624 3709 686 3763 130.

464 3809 513 3866 nt.
559 3803 709 3864 adrodit
749 3802 896 3864 munnae
935 3820 953 3879 7
988 3800 1138 3862 atrndib
1179 3801 1326 3861 ecmae'lt
1364 3800 1523 3862 andraee
1555 3819 1574 3878 7

423 3909 571 3970 omdtod
604 3926 623 3986 7
655 3909 796 3988 undeno
822 3909 952 3970 innunt
975 3907 1183 3988 prttltelrr'te
1210 3907 1287 3968 lttrts
1313 3926 1331 3985 7
1358 3908 1491 3969 condid
1525 3913 1576 3970 tri

425 4011 551 4072 neuile
578 4011 762 4072 uternam
792 4013 836 4072 dn
867 4010 976 4087 don7
1000 4012 1060 4071 nib
1093 4015 1169 4072 euti
1200 4028 1258 4070 ree
1292 4007 1338 4090 (ut
1365 4011 1405 4070 sit
1430 4012 1576 4072 austerus

361 4123 363 4131 '
425 4120 456 4179 et
478 4121 513 4178 nt
534 4117 575 4180 sit
595 4119 740 4180 insolitus
764 4134 871 4178 eorum
892 4119 1023 4180 vestitus
1038 4121 1068 4180 et
1086 4133 1192 4178 aarum
1206 4116 1295 4178 eibus
1309 4119 1339 4176 et
1355 4119 1447 4193 potus
1467 4131 1575 4178 eorum

425 4220 480 4298 qui
493 4221 660 4298 pradicant
671 4221 762 4282 fidem
778 4223 807 4281 et
819 4224 853 4281 ut
868 4219 908 4282 sit
919 4236 974 4298 per
986 4236 1108 4282 omnem
1120 4220 1334 4286 eorumvitam
1348 4219 1380 4283 id
1394 4219 1485 4281 etiam
1496 4222 1575 4281 atne

425 4329 466 4391 sit
493 4330 571 4390 ratio
593 4326 772 4409 temporis).
798 4359 839 4373 -
865 4327 1016 4388 otendit
1060 4323 1111 4408 (ut
1142 4325 1216 4409 sit),
1246 4337 1282 4391 ad
1308 4334 1364 4392 litt.
1392 4331 1427 4392 ut
1457 4326 1489 4388 id
1516 4327 1571 4403 sit,
