3580 5586
859 461 1052 528 TEXTUS

809 656 879 700 mc.
903 635 927 699 l.
957 655 1028 699 con.
1058 635 1100 699 11.

382 789 537 868 angelum.
567 804 681 850 meum.
711 804 772 850 uox
796 787 996 867 pneomatist
1020 785 1115 866 agiit

380 917 436 980 per
459 897 642 960 malachiam
667 897 815 976 profetam
839 897 879 961 ad
903 902 1020 976 patrem

382 1008 472 1067 sonat
498 1003 605 1066 deobin
620 1001 645 1063 3.
673 1003 727 1082 qui
753 1007 801 1066 est
829 1003 921 1066 facies
949 1003 1046 1081 patris

380 1111 465 1174 unde
486 1111 610 1191 agnitus
634 1107 738 1172 esar
765 1119 924 1172 lNrellOS.
954 1111 1079 1172 heutem
1106 1107 1239 1169 nuntius

381 1216 599 1296 interpretatur
622 1217 676 1296 qui
702 1217 922 1296 praenuntiauit
945 1217 982 1278 de
1007 1215 1152 1278 christc5
1178 1217 1248 1294 post
1274 1230 1323 1276 me

379 1319 466 1380 uenit
493 1317 578 1399 quit
605 1321 678 1380 ante
702 1335 752 1382 me
782 1319 881 1382 factus
905 1321 952 1381 est
978 1319 1033 1398 qui
1055 1319 1140 1398 prior
1167 1333 1216 1378 me
1244 1333 1277 1378 er

380 1427 412 1485 at
434 1423 520 1504 quil
543 1424 725 1504 preparabit
749 1426 832 1487 uiam
860 1430 967 1488 tuam..
998 1427 1050 1488 uia
1074 1424 1189 1486 domini

380 1543 442 1607 qua
471 1527 510 1590 ad
534 1529 676 1592 homines
703 1530 876 1608 ingreditur
898 1530 1066 1610 penitentia

380 1640 427 1699 est
451 1653 505 1716 per
528 1653 622 1716 quam
646 1638 792 1700 dominus
814 1639 853 1701 ad
877 1655 934 1700 nos
959 1637 1112 1700 discendit
1139 1637 1169 1696 et
1193 1649 1250 1696 nos
1275 1633 1313 1694 ad

380 1743 470 1805 illum
494 1744 736 1810 adscendimus..
769 1746 851 1808 uude
879 1747 981 1826 angeli
1006 1741 1199 1826 discentdcn)

379 1853 427 1913 tes
452 1851 746 1930 ascendentesque8
776 1857 986 1914 memorantur
1013 1853 1052 1916 ad
1077 1851 1176 1914 lilium

383 2001 416 2034 ..,
445 1956 606 2020 hominis..
631 1955 738 2020 Parate
765 1959 850 2019 uiam
877 1959 1005 2020 demini.
1033 1960 1091 2020 hnc
1118 1963 1165 2020 cst
1188 1958 1260 2036 peni

378 2064 507 2125 tentiam
534 2064 718 2141 predicate..
747 2063 859 2127 unde9
887 2081 1060 2144 parascuen
1078 2063 1106 2114 ¹0
1133 2069 1204 2126 ante
1235 2081 1268 2126 sa

378 2177 484 2252 patum
511 2172 543 2234 id
571 2176 618 2236 est
643 2174 846 2251 penetentiam
876 2177 948 2235 ante
973 2174 1109 2252 requiem
1135 2171 1222 2233 futur

378 2298 452 2342 am..
481 2279 561 2341 Hinc
587 2297 720 2359 namque
745 2279 869 2341 initium
896 2280 1122 2358 predicationis
1153 2279 1204 2340 ich

377 2387 467 2450 annis
491 2391 521 2450 et
545 2385 655 2448 christi
684 2387 784 2448 oritur
800 2387 837 2446 ¹¹.
864 2387 1062 2465 penitentiam
1084 2388 1174 2466 agite.
1204 2386 1299 2465 adpro
1327 2467 1329 2472 Ι

376 2493 514 2574 pincauit
541 2493 623 2555 enim
652 2509 783 2572 regnum
811 2494 957 2556 eaelorum
985 2494 1059 2572 quia
1086 2494 1119 2553 in
1142 2493 1192 2554 die
1215 2509 1269 2570 sep

376 2600 452 2662 tima
482 2601 636 2679 requieuit
662 2600 808 2662 dominus
835 2599 872 2660 ab
893 2599 1037 2661 cuminus
1063 2597 1207 2676 operibus

376 2704 467 2764 suis..
501 2703 556 2764 uii.
587 2704 700 2764 etenim
727 2703 815 2764 nobis
842 2719 967 2765 necesse
994 2706 1042 2766 est
1066 2703 1166 2763 delere

379 2809 458 2870 uitia
484 2823 540 2887 per
563 2811 771 2887 penetentiam
795 2810 881 2871 uelut
897 2809 925 2858 12
951 2809 1032 2870 mala
1056 2825 1168 2887 genera
1184 2807 1213 2858 ¹3

377 2929 523 2975 cannen..
548 2916 583 2974 ut
609 2916 835 2995 requiescentes
861 2919 966 2994 postea
993 2914 1211 2993 possedeamus

377 3065 413 3097 ..,
446 3007 680 3108 desiderabilem
710 3024 848 3082 terram..
879 3016 985 3084 Rectus
1012 3020 1102 3084 facite

374 3131 501 3192 semitas
529 3130 607 3192 eius.
633 3148 710 3210 quas
737 3133 862 3194 semitas
888 3133 1124 3194 incuruauimus

376 3236 565 3299 declinantes
595 3237 628 3298 in
652 3237 817 3300 dexteram.
845 3242 936 3318 atque
959 3239 1119 3300 sinistram
1144 3256 1228 3300 nunc
1254 3241 1378 3302 hautem

375 3343 555 3422 praecipitur
580 3343 691 3406 nobis..
723 3349 756 3406 ut
781 3345 832 3407 uia
857 3347 941 3424 regia
967 3346 1143 3407 incedentes
1171 3361 1226 3422 pre

374 3449 473 3511 ximcs
498 3453 620 3513 nostros
636 3451 663 3502 ¹4
694 3456 729 3514 ut
755 3449 812 3514 nris
834 3455 864 3512 et
892 3449 949 3513 nds
974 3453 1058 3530 ipsos
1081 3456 1115 3514 ut

372 3556 527 3633 proximos
554 3554 727 3636 deligamus
754 3574 826 3620 nam
854 3559 908 3636 qui
937 3559 1047 3638 delegit
1075 3559 1206 3638 iniquita

373 3661 436 3718 tem
465 3659 529 3721 odit
556 3661 694 3722 animam
723 3679 835 3722 suam..
864 3662 919 3742 qui
947 3663 1031 3723 enim
1058 3661 1092 3724 se
1119 3663 1222 3740 ipsum
1250 3661 1281 3722 di

374 3762 449 3842 legit
476 3767 506 3825 et
532 3781 594 3828 non
622 3765 729 3845 dllegit
753 3767 926 3846 proximum
954 3768 992 3830 ad
1021 3769 1175 3830 dexteram
1206 3767 1243 3827 de

374 3873 504 3935 elinauit
531 3877 560 3934 ct
587 3874 642 3953 qui
670 3875 890 3954 semeptipsum
918 3876 1026 3938 odiens
1052 3876 1139 3953 proxi
1226 3915 1229 3922 ·
