3580 5586
857 399 1050 466 TEXTUS

809 595 879 636 ele.
907 574 961 638 lv.
990 592 1053 636 coi.
1078 572 1102 635 Ι.

385 724 469 807 (11110
496 726 690 806 etreliqua..
718 731 825 806 petrus
854 727 920 787 sine
946 725 1085 804 spiritut
1116 726 1183 786 uoci
1209 741 1248 786 an

382 834 462 895 celle
487 837 580 898 cessit
595 835 634 895 1..
667 852 737 897 cum
765 833 908 914 spiritu3
936 851 1011 896 uero
1036 850 1093 896 nec
1120 835 1253 914 principi

381 941 441 1002 bus
468 957 524 1002 nec
550 942 675 1022 regibus
700 941 802 1002 cedit..
833 941 934 1018 prima
959 937 1105 1019 a(n)cella
1131 941 1155 1000 ti

381 1045 520 1108 tulati04
546 1052 592 1109 est
621 1019 755 1109 secunda
783 1046 976 1109 consensio5
1001 1047 1113 1108 tertius
1136 1046 1217 1108 uir6
1245 1048 1291 1106 est
1312 1062 1348 1108 ao

382 1157 433 1214 tus
449 1153 487 1212 7..
518 1154 593 1214 haec
614 1156 661 1212 est
687 1153 769 1213 trina
794 1153 915 1231 negatio
937 1167 1031 1231 quam
1059 1153 1165 1214 abluit.
1195 1168 1250 1230 per
1272 1150 1287 1211 l

381 1257 461 1320 letds
487 1259 573 1320 uerbi
598 1260 706 1320 christi
735 1259 900 1320 recordatio
917 1259 955 1318 8..
986 1257 1074 1320 Tunc
1104 1261 1191 1322 nobis

381 1368 481 1446 gallus
504 1369 616 1429 cantet.
643 1368 767 1446 quando
790 1368 968 1446 predicator
990 1369 1061 1447 quis

380 1489 441 1552 que
465 1474 503 1536 ad
529 1475 736 1554 penetentiam
760 1474 851 1534 corda
875 1477 982 1535 nostra

380 1582 419 1643 ad
446 1582 704 1659 conpunctionem
731 1581 864 1642 excitat..
892 1579 979 1643 Tunc
1008 1583 1068 1644 inci

381 1687 485 1764 pimus
511 1687 583 1747 llere
607 1687 730 1766 quando
758 1686 928 1766 ignimur9
956 1689 1042 1751 intus
1065 1704 1120 1766 per

381 1791 548 1852 scintillam
574 1793 718 1853 scientiae
733 1791 762 1841 10
786 1795 816 1853 et
834 1793 917 1854 ioris
941 1793 1061 1854 eximus

382 1903 467 1960 extra
491 1899 573 1978 quod
598 1899 718 1962 fuimus
734 1899 785 1960 11..
815 1899 958 1962 Uinetum
984 1901 1105 1962 ihesum
1130 1899 1198 1960 trad

381 2012 438 2068 unt
465 2008 558 2086 pilato
575 2007 627 2067 11..
657 2007 723 2068 Hiic
750 2007 836 2070 adest
862 2025 987 2070 samson
1009 2009 1082 2070 uine

381 2115 433 2171 tus
454 2127 473 2171 a
498 2110 589 2172 dalila
603 2110 642 2170 13.
669 2127 793 2173 samson
821 2114 867 2174 sol
891 2129 997 2174 eorum
1025 2113 1079 2192 qui

381 2216 440 2278 hus
457 2214 484 2264 11
509 2216 661 2276 occubuit.
693 2219 739 2278 sol
755 2215 783 2266 15
808 2217 841 2278 in
866 2217 1016 2280 meridie..
1047 2217 1139 2280 dalila
1166 2217 1191 2278 si

382 2326 447 2386 tula
462 2323 491 2374 16
517 2325 738 2404 interpretatur
761 2341 830 2404 quae
853 2329 899 2387 est
924 2327 1071 2404 sinagoga
1092 2341 1162 2404 qua
1186 2325 1285 2387 situlae

383 2449 468 2495 more
495 2433 656 2512 limpidum
679 2433 830 2512 liquorem
846 2433 875 2484 17
902 2451 965 2497 non
990 2436 1073 2496 tenet

382 2543 412 2600 et
439 2539 582 2619 quiscilia
598 2537 626 2587 ¹8
656 2539 804 2601 inmunda
834 2540 977 2620 collegit..
1007 2555 1131 2602 samson

384 2646 498 2703 noster.
526 2641 653 2702 maxilla
669 2641 696 2690 19
721 2643 806 2703 uerbi
832 2645 881 2704 sui
907 2644 1036 2705 innume

383 2763 434 2808 ras
457 2750 598 2810 catemas
623 2747 783 2809 iudeorum
807 2751 836 2808 et
858 2747 1024 2810 demonum

382 2850 443 2912 hiic
471 2853 590 2912 sternit.
620 2855 650 2912 et
678 2851 793 2912 fontem
821 2854 967 2931 perennis
997 2854 1079 2915 uitae

385 2957 560 3018 sitientibus
584 2957 672 3018 nobis
697 2958 729 3019 id
754 2963 801 3019 est
828 2961 947 3038 corpori
976 2976 1032 3021 suo
1046 2957 1077 3008 10
1105 2959 1225 3038 aperit..

385 3064 546 3142 pontifices
573 3065 806 3125 concitauerunt
828 3066 949 3127 turbam
974 3070 1008 3128 ut
1032 3066 1120 3127 dimit

381 3171 483 3229 terent
504 3168 639 3230 baraban
666 3171 695 3228 et
715 3169 929 3247 crucifigerent
956 3171 1100 3234 ihesum..

382 3270 454 3330 hiic.
485 3271 518 3330 ii.
546 3271 626 3332 hirci
639 3269 667 3319 11
695 3271 811 3332 adsunt
835 3289 917 3333 unus
930 3271 961 3322 11
990 3273 1021 3336 id
1049 3277 1096 3336 est
1121 3273 1234 3335 emisar

382 3371 433 3433 ius
447 3371 477 3421 13
500 3375 721 3452 apopompeius
736 3373 767 3424 14
793 3371 864 3436 culn
892 3381 1014 3454 peccato
1037 3377 1141 3455 populi

382 3478 414 3537 in
442 3478 592 3540 disertum
617 3480 778 3542 absolutus
807 3482 921 3542 inferni
948 3481 979 3545 di

382 3580 525 3641 mittitur.
551 3581 628 3643 alter
640 3582 671 3632 15
699 3599 755 3660 pro
779 3587 912 3663 peccatis
931 3586 1141 3648 absolutorum

382 3693 416 3750 ut
443 3707 544 3769 agnus
570 3692 743 3753 occiditur..
767 3709 840 3771 pars
863 3693 981 3757 domini
1009 3709 1129 3772 semper
1156 3705 1243 3754 mec⁴

381 3797 489 3876 tatur.⁸
503 3811 575 3873 pars
603 3795 720 3857 diaboli
741 3797 795 3875 qui
821 3802 867 3860 est
891 3799 1038 3878 magister
1060 3814 1166 3859 eorum
1180 3797 1212 3846 16
1234 3797 1266 3856 in

382 3899 530 3962 effrenata
543 3900 574 3950 17
598 3903 629 3962 in
653 3905 804 3964 tartarum
824 3905 1056 3982 praecipitatur..

381 4007 493 4070 Milites
518 4010 653 4074 induunt
680 4011 831 4072 christum
857 4027 988 4090 porpora

382 4117 412 4174 et
436 4115 564 4194 reliqua.
592 4117 784 4178 uestimentis
805 4117 872 4178 suis
897 4116 1033 4178 nudatur

382 4215 412 4276 id
440 4220 487 4278 est
512 4217 621 4278 iudeis.
650 4235 780 4298 porpora
805 4219 946 4280 induitur
970 4218 1003 4281 id
1027 4220 1073 4278 est
1098 4217 1181 4295 genti

382 4323 404 4383 li
432 4323 560 4385 ecclesia
587 4339 656 4402 quae
684 4325 722 4386 de
751 4299 882 4404 scopol'is
893 4321 924 4372 18
947 4324 1072 4386 collecta
1096 4325 1144 4384 est
1167 4321 1285 4380 maris..
1320 4320 1424 4382 item

381 4448 418 4492 ea
430 4429 461 4480 19
488 4434 599 4493 exutus
624 4433 657 4492 in
685 4433 747 4495 fine
761 4432 792 4482 30
818 4435 1044 4498 scandalizante
1056 4429 1085 4480 3¹
1112 4431 1143 4492 iu

381 4537 469 4598 daica
497 4553 623 4599 rursum
652 4538 792 4601 intuetur
816 4539 925 4618 plebe..
953 4556 1025 4602 eum
1050 4538 1132 4598 enim

381 4647 547 4710 intrauerit
570 4648 730 4726 plenitudo
757 4649 894 4726 gentium
919 4651 995 4709 tunc
1022 4649 1052 4706 et

380 4751 483 4811 omnis
511 4749 623 4811 israhel
650 4749 757 4812 saluus
785 4751 866 4812 erit..
895 4753 924 4811 et
950 4748 1087 4812 educunt
1114 4745 1202 4808 illum
