3580 5586
410 419 448 476 54
835 427 906 470 rso.
930 405 985 472 lv.
1008 424 1081 470 oon.
1104 405 1129 470 Ι.

446 553 479 608 d.
507 549 539 606 is
563 541 674 621 triser
700 538 803 603 robdt‘
822 543 860 600 tn
881 543 951 600 tres
971 538 1096 601 dileat
1120 538 1289 621 denoted.
1305 544 1337 602 ts
1357 539 1399 601 it
1418 539 1557 618 inquiet

409 651 544 715 moddu
567 651 663 712 rain.
697 644 763 728 (per
783 645 886 709 virum
914 643 975 706 fuit
999 644 1092 707 tertia
1121 645 1244 725 negatio
1268 644 1306 706 ei.
1335 644 1356 706 i.
1382 660 1408 704 e.
1437 649 1485 706 est
1507 645 1558 708 hie

409 759 513 832 aetus,
541 755 567 817 si
590 747 827 831 consideratur).
856 781 897 794 -
920 750 952 808 is
978 744 1029 809 tri
1054 748 1114 826 ser
1134 747 1235 808 robdi
1266 745 1315 828 (ad
1341 755 1399 811 litt.
1429 750 1477 810 est
1502 762 1558 826 per

409 863 513 924 virum
550 860 633 941 quod
671 855 754 938 fuit).
790 856 847 934 ser
888 850 1032 934 (virum),
1072 874 1136 918 aee.
1163 861 1240 932 sing.
1265 860 1439 920 substantivi
1465 875 1555 920 mese.

409 971 476 1049 ser,
504 989 569 1046 gen.
598 967 663 1046 sir,
697 963 807 1045 (thema
830 958 940 1044 *virid
977 969 1005 1024 z.
1035 969 1106 1037 tb9;
1135 967 1281 1024 Stok.1r.
1309 966 1348 1037 gl.
1376 981 1406 1038 p.
1433 970 1478 1036 723
1502 981 1558 1024 vox

410 1081 586 1140 eonferenda
613 1094 679 1137 oum
708 1079 761 1134 iat.
788 1070 848 1145 vir,
874 1075 920 1131 iit.
943 1064 1053 1144 virae,
1082 1077 1142 1142 goi.
1177 1065 1254 1142 vair3
1283 1072 1430 1130 Sebleieh.
1457 1073 1557 1143 comp.

409 1191 473 1249 tib.
502 1211 543 1228 ·-
579 1179 662 1253 tris,
705 1172 762 1257 (vei
802 1177 903 1250 ivios,
935 1168 1069 1250 tertius),
1099 1177 1207 1250 adjeci.
1234 1179 1385 1235 numerale
1410 1179 1557 1247 ordinaie;

409 1287 438 1342 z.
473 1284 536 1338 316.
573 1281 679 1336 Verum
715 1271 785 1330 tris
820 1281 851 1332 et
890 1269 991 1341 trist,
1026 1286 1083 1332 non
1115 1285 1200 1330 senus
1236 1287 1270 1330 ao
1303 1272 1405 1330 formae
1432 1272 1558 1330 oomioae

410 1387 557 1459 paralleiae
603 1382 741 1456 tressa,
783 1379 915 1449 tressa,
958 1385 1028 1440 sunt
1062 1393 1117 1451 pro
1151 1368 1285 1450 *treija
1321 1377 1367 1434 vel
1413 1367 1556 1447 *iritjn

408 1493 513 1548 Forma
538 1490 645 1548 celtica
670 1487 819 1558 primitiva
844 1487 1005 1544 coneordat
1031 1487 1097 1548 ideo
1122 1499 1189 1548 eum
1216 1484 1376 1554 originario
1392 1473 1555 1556 *titan-ja,

410 1600 563 1656 contracta
602 1597 633 1652 in
660 1587 794 1667 *iret-je
831 1582 888 1665 (ei.
918 1594 969 1650 lat.
994 1581 1176 1666 tert-ius).
1205 1592 1227 1650 E
1258 1591 1353 1650 sormt
1384 1581 1554 1664 fiiiarja,

410 1703 563 1760 eontracta
577 1703 607 1758 in
635 1689 764 1770 *tritja
790 1703 856 1754 orta
869 1703 915 1755 est
934 1699 1028 1754 torma
1042 1699 1182 1758 historica
1210 1693 1308 1766 trtss,
1324 1699 1436 1754 munta
1453 1712 1559 1770 nempe

409 1808 519 1864 dentaii
556 1820 624 1863 eum
647 1805 749 1860 suffixo
772 1796 816 1874 ja,
840 1803 871 1857 in
894 1801 1042 1872 duplicem
1071 1801 1241 1870 spirantem.
1271 1799 1454 1857 combinatio
1480 1803 1559 1857 enim

409 1911 568 1980 originaria
590 1904 682 1980 t-j-
710 1907 834 1963 solvitur
856 1917 935 1974 saepe
962 1903 1118 1960 hiberniae
1145 1903 1176 1958 in
1193 1913 1236 1955 ss.
1257 1902 1328 1960 Inde
1346 1902 1558 1974 colligendum,

409 2008 549 2064 formulas
567 2005 707 2064 obscuras
733 2006 802 2082 les,
835 2004 933 2078 less,
951 2003 1037 2062 laiss
1065 1999 1165 2082 (apud
1192 1999 1295 2092 eum),
1325 2003 1416 2081 fries
1443 2001 1560 2084 (adver-

410 2124 465 2169 sus
489 2106 571 2189 enm)
602 2131 666 2174 esse
679 2132 734 2188 pro
747 2117 962 2189 antiquioribus
975 2107 1108 2188 *tat-ja
1125 2105 1344 2190 (ἐρωῇ),
1366 2121 1397 2174 et
1416 2107 1559 2192 *frit-ja

412 2212 463 2295 (ε
486 2213 644 2297 *vartja),
685 2239 751 2296 quae
789 2226 927 2282 videntur
961 2225 1123 2296 composita
1158 2225 1367 2294 praepositione
1401 2225 1433 2284 in
1466 2225 1561 2282 iormt

409 2330 528 2387 ablativi
551 2338 582 2388 et
607 2334 781 2402 pronomina
808 2335 920 2392 suffixo.
935 2322 1116 2385 -dt'littd
1139 2319 1222 2403 (elias
1242 2320 1377 2400 ditius,
1402 2325 1555 2402 utitotb,

408 2429 541 2507 negatio,
565 2430 704 2508 offensio,
728 2428 931 2511 scandalum),
960 2452 1040 2500 nom.
1058 2435 1559 2507 sing.,substantivimasnd-,ittt

408 2548 472 2602 982.
501 2547 542 2604 ct.
569 2547 616 2602 iii.
642 2541 681 2620 fo
705 2539 831 2602 diltnd
855 2543 934 2601 iaso
965 2536 1015 2620 (gl.
1044 2553 1145 2618 neque
1166 2539 1213 2600 est
1231 2537 1325 2604 timor
1352 2538 1557 2612 dominiis.

408 2642 441 2704 in
471 2643 634 2723 negatione
661 2643 730 2726 hae)
757 2650 824 2708 447.
856 2678 896 2690 -
937 2647 968 2703 ts
1005 2641 1047 2702 bt
1084 2640 1226 2720 inqntm
1268 2639 1327 2722 (est
1361 2641 1413 2704 bio
1437 2643 1557 2725 aetus);

407 2746 506 2827 onim
534 2747 634 2830 (antio,
663 2750 776 2834 aetus),
804 2774 882 2818 nom.
903 2759 983 2828 sing.
1005 2755 1181 2813 substantivi
1205 2769 1307 2824 mese,
1332 2771 1398 2826 gen.
1418 2747 1554 2827 enimn,

407 2855 541 2934 neimo,
573 2866 679 2922 arad.
704 2868 779 2936 orig.
803 2867 879 2925 (ibit.
896 2864 1004 2922 ciiii.
1035 2855 1079 2916 do
1105 2851 1267 2934 ynimntb
1295 2852 1345 2936 (gi.
1374 2855 1481 2938 rebus)
1508 2864 1558 2934 533

406 2966 438 3023 it
477 2965 577 3028 atnbi
613 2969 648 3040 .s.
693 2969 751 3026 air
789 2967 1029 3042 niruyntqter
1070 2965 1214 3040 ganimai
1250 2961 1300 3022 da
1347 2960 1396 3043 (gl.
1439 2964 1556 3042 fidelia,

410 3093 500 3150 opera
526 3081 588 3148 Dei,
617 3073 744 3136 mentiri
781 3070 904 3153 nescia)
946 3076 1022 3148 ⁴⁰93
1062 3073 1168 3129 intuo
1208 3070 1420 3130 usmbersom
1460 3089 1558 3152 pes7

408 3194 520 3239 manus
561 3180 686 3240 noetis
723 3183 753 3240 is
790 3179 921 3240 urnath
958 3175 1123 3256 unimoib
1161 3175 1223 3235 son
1261 3175 1445 3255 dnnynini
1487 3198 1560 3242 som

409 3284 541 3346 bonuti>
571 3287 713 3348 bnilnib
739 3287 847 3349 bisin.
874 3285 992 3346 atbetr
1019 3302 1093 3346 som
1111 3281 1146 3364 .l.
1165 3301 1207 3346 ar
1229 3287 1268 3343 in
1292 3285 1560 3350 ebomtetraedt

409 3407 428 3468 7
455 3390 753 3470 indfreanobaii
779 3388 862 3472 (gia
882 3390 1029 3453 membris
1049 3405 1142 3468 opera
1167 3389 1330 3469 officiaque
1350 3391 1560 3452 membrorum

409 3497 540 3577 patitui
564 3499 665 3562 subito
693 3500 807 3562 saueiis
838 3501 966 3562 incursu
1000 3499 1194 3560 liberaturi.
1224 3514 1250 3558 e.
1280 3514 1378 3577 quum
1405 3498 1479 3560 dieii
1504 3516 1559 3577 pes

410 3608 440 3666 et
448 3621 563 3667 manus
576 3611 789 3668 verumtamen
801 3612 926 3687 propter
937 3623 1028 3686 opera
1038 3606 1105 3685 ipsa
1114 3622 1181 3686 qun
1191 3605 1309 3667 faciunt
1317 3605 1402 3667 hisee
1413 3605 1560 3670 membris

409 3709 483 3772 dioit
501 3713 568 3790 ipse
589 3712 610 3774 i.
633 3729 659 3772 e.
684 3717 809 3791 propter
821 3713 1124 3792 comprehensionem
1143 3717 1173 3774 et
1188 3711 1411 3794 assensionem)
1435 3718 1502 3775 448.
1520 3747 1560 3760 -

409 3815 545 3876 moddu
565 3816 648 3878 reite
672 3814 710 3898 (si
735 3817 957 3895 consideratur,
980 3827 1017 3883 ad
1045 3825 1104 3882 litt.
1126 3817 1153 3879 si
1176 3820 1223 3880 est
1241 3817 1281 3878 ad
1301 3815 1556 3897 meditationem).

409 3923 491 3984 mad
519 3921 755 4004 (disjungendum
781 3925 896 4003 ma-d,
920 3927 947 3988 si
975 3923 1052 4006 est),
1083 3931 1138 3990 Eb.
1169 3933 1242 3988 Beit.
1272 3933 1306 3986 v.
1333 3934 1377 3988 69.
1402 3921 1450 3983 uu
1477 3921 1561 3984 reiin

413 4031 464 4116 (ad
489 4035 782 4112 considerationem,
824 4035 863 4098 ad
905 4031 1165 4113 meditationem),
1194 4054 1257 4098 aoo.
1284 4041 1359 4112 sing.
1386 4040 1559 4099 substantivi

411 4152 481 4210 vem.
510 4141 578 4202 rdn
604 4140 817 4221 (mysterium,
847 4144 1017 4218 secretum,
1044 4139 1222 4217 meditatio,
1250 4136 1410 4220 intentio),
1438 4149 1467 4202 z.
1495 4147 1557 4212 238.

410 4259 473 4324 [1613
503 4257 579 4314 0⁸11.
607 4257 644 4314 ad
668 4270 732 4314 voo.
750 4255 962 4314 conterendum
978 4267 1046 4313 oum
1065 4255 1257 4326 notarunt,
1282 4254 1333 4310 Eb.
1357 4253 1430 4310 Beit.
1444 4253 1479 4309 ΙΙ.
1496 4253 1557 4307 tin
