3580 5586
416 482 478 525 rru
872 462 1100 528 Paullum.

416 601 515 654 miuus
529 602 621 654 certas
636 598 814 652 mutationes
827 603 970 654 memorat
980 599 1067 654 Zeuss
1082 599 1142 653 sive
1157 601 1265 667 organi,
1281 602 1341 654 sive
1357 603 1457 657 classis
1467 606 1485 666 ¹,
1501 618 1568 672 quae
1659 666 1664 672 ,
1756 625 1757 634 ¹

417 699 464 752 blo
478 697 627 751 brevitatis
641 698 728 752 causa
741 698 925 751 omittuntur.
941 697 993 750 Sed
1008 710 1068 764 prae
1082 697 1227 758 omnibus,
1243 711 1310 751 meo
1320 697 1437 764 quidem
1447 700 1567 766 judicio,

416 795 628 862 perpendendae
642 799 712 850 sunt
725 794 912 848 alterationes
923 795 1066 861 quaedam,
1083 807 1149 862 quae
1159 794 1263 848 leviter
1272 795 1439 862 inspicienti
1447 799 1567 852 omnino

417 891 571 945 abnormes
584 891 677 946 videri
690 894 820 957 possunt,
835 891 948 944 scilicet
969 891 1093 946 mutatio
1108 891 1263 957 gutturalis
1278 892 1439 958 originariae
1452 896 1483 946 in
1497 895 1567 948 den-

417 990 504 1044 talem
519 989 707 1053 hibernicam,
725 988 870 1042 induratio
886 989 989 1042 mediae
1008 989 1037 1042 in
1064 993 1183 1043 tenuem
1206 994 1236 1042 et
1254 989 1404 1044 destitutio
1427 992 1523 1046 tenuis
1537 993 1567 1045 in

418 1085 553 1144 mediam,
569 1083 600 1136 in
615 1084 789 1150 quibusdam
803 1083 1004 1150 positionibus.
1021 1085 1110 1138 Voces
1125 1085 1282 1139 bibernicae
1298 1085 1405 1158 tortae
1420 1079 1565 1161 (linguat,

418 1175 482 1236 aar
504 1174 696 1258 (lacruma),
719 1184 858 1249 praeclara
872 1184 976 1236 harum
991 1183 1195 1236 alienationum
1212 1183 1367 1248 perbibent
1380 1184 1521 1250 exempla.
1536 1187 1567 1239 ln

419 1291 488 1332 voce
510 1279 616 1352 tettae
641 1273 752 1355 (thema
773 1273 981 1354 *teaqatlt)‚
1005 1280 1129 1356 dentalis
1152 1281 1249 1334 tenuis
1275 1286 1319 1334 est
1339 1296 1390 1348 pro
1416 1283 1569 1349 originaria

419 1378 557 1444 gutturali
571 1378 666 1430 media
681 1379 738 1444 (vel
753 1379 895 1444 aspirata),
919 1384 949 1432 et
971 1380 1037 1432 inde
1055 1380 1154 1445 organi
1170 1379 1258 1432 simul
1274 1385 1303 1433 et
1319 1381 1419 1434 classis
1432 1382 1568 1436 mutatio-

420 1489 488 1528 nem
502 1475 595 1530 offert.
614 1475 723 1528 Revera
737 1477 837 1528 thema
859 1476 1047 1542 originarium
1072 1476 1187 1530 videtur
1208 1477 1297 1532 fuisse
1323 1478 1567 1532 uflvnuuuluua

419 1565 527 1646 (sansc.
550 1562 712 1646 *g'ihvvta),
736 1581 832 1628 ortum
861 1588 912 1640 per
939 1574 1198 1640 reduplicationem
1221 1587 1237 1626 a
1260 1576 1355 1628 radice
1369 1577 1438 1642 orig.
1457 1576 1569 1630 cflvlu

422 1662 525 1744 (sansc.
547 1664 617 1741 hvp,
640 1665 789 1746 curvari),
814 1685 882 1724 cum
897 1671 1002 1724 suffixo
1017 1670 1074 1734 ΤΑ,
1099 1669 1140 1722 ita
1156 1674 1188 1723 ut
1205 1670 1293 1736 huius
1306 1671 1386 1724 vocis
1399 1671 1569 1738 significatio
1595 1689 1599 1700 ¹

420 1768 512 1834 prima
545 1769 633 1822 luerit
671 1764 754 1843 quod
784 1768 942 1836 curvatur,
975 1763 1116 1824 flectitur.
1152 1769 1306 1822 attenuata
1334 1769 1571 1834 reduplicationis

421 1867 547 1919 consona
566 1861 608 1938 qt
629 1865 660 1917 in
680 1879 701 1939 q
723 1872 752 1920 et
766 1867 858 1921 vocali
879 1879 899 1921 a
919 1866 949 1918 in
970 1879 997 1936 e,
1019 1866 1151 1930 regressa
1171 1867 1251 1932 prius
1270 1867 1379 1934 liquida
1394 1871 1424 1920 et
1438 1867 1505 1921 inde
1520 1881 1568 1920 ex·

421 1964 514 2025 cussa,
533 1967 701 2017 transeunte
723 1977 744 2037 p
765 1965 795 2018 in
817 1959 838 2018 d
859 1970 925 2018 ante
947 1977 963 2018 e
984 1965 1019 2017 ob
1041 1978 1145 2017 sonum
1170 1965 1334 2031 palatalem,
1358 1965 1489 2030 regressa
1515 1963 1570 2030 spi·

421 2063 502 2112 rante
514 2059 632 2112 rediculi
651 2075 670 2115 u
691 2063 725 2114 ad
741 2075 896 2116 consonam
909 2063 1155 2128 reduplicationis,
1170 2063 1296 2128 supponi
1306 2066 1429 2128 possunt
1442 2061 1571 2114 themate

421 2158 585 2212 successiva
606 2154 779 2232 *plagatot
806 2164 836 2212 et
860 2160 968 2213 inserta
994 2161 1086 2214 nasali
1118 2155 1335 2232 *plecquat,
1371 2153 1566 2231 *deuocat

422 2251 618 2328 *daecqat
642 2257 719 2308 Hanc
747 2262 923 2323 postremam
947 2259 1080 2320 formam,
1105 2272 1158 2324 per
1179 2257 1371 2310 mutationem
1397 2257 1532 2322 spirantis
1553 2269 1571 2309 v

421 2353 451 2406 in
468 2355 607 2416 vocalem,
625 2355 773 2408 transiisse
788 2356 953 2409 verosimile
971 2360 1015 2409 est
1036 2356 1065 2408 in
1087 2351 1274 2427 *dateuqot
1299 2354 1352 2408 Sed
1372 2354 1403 2406 in
1425 2353 1571 2406 combina-

422 2451 499 2505 tione
514 2451 663 2506 bibernica
684 2447 730 2506 du
753 2445 820 2528 (do)
843 2457 909 2505 ante
932 2453 1072 2516 vocalem,
1100 2453 1223 2506 dentalis
1247 2452 1344 2504 media
1367 2450 1519 2504 induratur
1540 2451 1571 2503 in

422 2555 543 2605 tenuem
557 2553 605 2616 (ex
619 2567 659 2618 gr.
682 2546 827 2606 do-ct'r·
840 2573 881 2596 =
895 2549 998 2622 tuir-,
1022 2546 1192 2606 ‹to-imm·
1209 2573 1249 2596 =
1262 2549 1386 2604 lirum·
1407 2553 1487 2614 etc.);
1506 2549 1571 2602 ideo

422 2642 598 2722 *duenqat
617 2650 651 2704 fit
675 2649 846 2717 regulariter
868 2645 1024 2722 *tanqum
1051 2649 1128 2702 unde
1149 2650 1243 2701 forma
1265 2647 1402 2700 historica
1423 2646 1572 2699 hibernica

423 2745 542 2819 teuqc,
568 2760 633 2812 gen.
656 2741 801 2820 lampad.
824 2747 857 2800 ln
879 2747 980 2800 formis
1006 2745 1185 2809 britannicis,
1200 2745 1292 2798 camb.
1317 2741 1465 2815 tofuwt,
1491 2757 1570 2798 corn.

423 2844 538 2912 tacut,
563 2857 615 2911 pro
639 2839 829 2918 'duoquct,
854 2843 1009 2910 gutturalis
1032 2843 1165 2896 radicalis
1190 2855 1312 2896 excussa
1334 2845 1391 2902 est,
1406 2841 1457 2893 sed
1472 2843 1572 2894 contra

422 2942 535 3008 spirans
558 2943 665 2996 mansit
683 2942 713 2994 in
733 2941 835 2994 sillaba
853 2941 980 2994 radicali.
995 2939 1152 2994 concordat
1168 2951 1260 3004 graeca
1274 2951 1329 2990 vox
1342 2943 1453 3003 γλῶσσα,
1465 2942 1572 3002 γλῶττα,

423 3053 488 3108 quaa
504 3053 556 3106 per
573 3041 701 3093 themata
714 3039 902 3106 hypothetica
917 3043 1043 3106 ’γλευχτα,
1064 3041 1094 3089 et
1107 3035 1290 3102 transpositis
1307 3035 1412 3088 litteris
1429 3037 1571 3102 'perlegam

424 3141 567 3206 'raguelem
584 3137 707 3190 reditad
730 3136 918 3203 originarium
946 3136 1045 3189 thema
1066 3132 1322 3188 cuvacuvnuul.
1348 3133 1437 3185 Voces
1462 3137 1570 3194 autem,

423 3249 515 3290 senso.
538 3229 631 3311 gihva
653 3230 714 3307 (pro
736 3226 869 3309 'grihvau
896 3232 977 3285 zend.
998 3222 1112 3306 hizva),
1136 3230 1185 3282 lat.
1200 3224 1306 3302 lingua
1325 3221 1387 3304 (pro
1410 3223 1570 3302 *gliuhva),

423 3335 478 3388 alb.
503 3340 594 3403 γλούχα
618 3343 678 3402 lpro
696 3335 807 3398 *γλευχα.
832 3331 957 3395 bleffe),
981 3333 1036 3394 got.
1059 3321 1154 3403 tuggo
1174 3329 1269 3395 (cujus
1292 3327 1417 3381 dentalis
1441 3332 1485 3380 est
1508 3329 1571 3382 loco

423 3433 577 3498 palatalis),
594 3446 629 3485 ex
645 3431 746 3485 eadem
760 3427 855 3482 radice
871 3427 1044 3493 procedunt,
1067 3430 1179 3479 mutato
1197 3425 1317 3488 sufflx03
1333 3425 1378 3478 bae
1393 3439 1479 3479 voces
1493 3425 1570 3478 enim

424 3537 523 3591 thema
539 3536 727 3603 originarium
743 3538 912 3602 supponunt
935 3533 1161 3588 uuvacflvllta
1183 3534 1284 3598 (senso.
1307 3525 1573 3605 *gihval'a),cu1'us

423 3634 596 3702 significatio
612 3637 699 3689 luerit
719 3629 869 3690 flexibilis.
894 3633 983 3686 Voces
1003 3647 1044 3698 gr.
1067 3636 1169 3698 γλῶσσα
1189 3644 1241 3697 pro
1265 3633 1390 3697 ’γλευχτα,
1405 3629 1459 3682 alb.
1482 3634 1574 3697 γλούχα

423 3744 475 3796 pro
504 3733 604 3798 ’γλευχα
628 3732 774 3785 elementa
793 3729 930 3785 thematis
953 3728 1100 3795 originarii
1120 3727 1212 3794 magis
1236 3739 1323 3792 quarn
1343 3730 1455 3779 caterae
1468 3727 1573 3792 linguae

424 3835 621 3883 servaverunt.

456 3931 516 3985 Vox
534 3930 684 3984 hibernica
704 3923 768 3985 (ἰόν
787 3943 839 3996 pro
861 3923 963 3984 *decr
986 3920 1089 4003 (camb.
1113 3921 1214 3997 door,
1239 3917 1388 4001 lacruma)
1412 3923 1575 3992 prebetiti-

424 4033 492 4085 dem
506 4033 651 4086 dentalem
666 4046 718 4099 pro
732 4031 871 4098 gutturali
886 4029 1054 4095 originaria,
1070 4029 1120 4082 sed
1137 4031 1237 4082 contra
1252 4027 1436 4094 originariam
1454 4030 1574 4079 tenuem

425 4129 558 4184 destituit
573 4131 603 4182 in
618 4129 752 4184 mediam.
780 4128 889 4181 Thema
909 4126 1097 4193 originarium
1120 4127 1307 4180 statuendum
1330 4131 1374 4179 est
1392 4121 1574 4178 KRAKlllllll

459 4349 481 4400 l.
496 4347 536 4411 45,
553 4347 593 4399 lc.
