3580 5586
415 445 510 490 xsvm
874 429 1101 496 inuisum.

416 560 449 611 ut
465 563 577 636 coiep
593 561 707 631 (σωτήρ),
719 559 870 617 ahrehoc
889 564 1003 627 (inrue)
1022 565 1087 626 etc,
1102 565 1214 618 servata
1229 565 1391 620 litterarum
1406 579 1564 633 grecorum

416 657 509 710 lormd
521 669 587 724 que
600 658 631 712 in
646 650 795 715 codicibus
803 657 961 713 hibernicis
970 658 1101 724 ejusdem
1114 661 1206 714 etatis
1215 662 1385 728 recantant
1396 663 1567 717 Necdesunt

416 765 508 818 greca
520 737 662 808 vocabula
671 755 769 811 latinis
783 753 999 810 characteribus
1012 757 1042 808 et
1055 755 1231 809 flexionibus
1245 757 1358 824 sumpta,
1374 761 1407 812 ut
1419 771 1566 834 apopom-

415 843 1565 927 pellis,plilidmafisagiiproduceremini,msduutordglouelit.Linguaglossurum

417 947 519 1000 eadem
549 926 598 1003 est'
615 963 680 1016 quae
703 951 735 1004 in
761 952 864 1018 glossis
891 952 1024 1006 codicum
1054 953 1192 1006 Prisciani
1219 954 1313 1008 Sancti
1339 955 1424 1014 Galli,
1455 955 1566 1010 Paulini

416 1043 648 1112 wirziburgensis
670 1051 701 1101 et
722 1049 948 1124 mediolanensis
970 1048 1152 1102 bibliotheca
1181 1050 1384 1116 ambrosianae,
1410 1065 1479 1105 cum
1508 1066 1565 1120 quo

417 1140 521 1196 ultimo
556 1142 647 1198 codex
680 1145 856 1199 taurinensis
889 1159 1078 1200 communem
1112 1146 1201 1200 hahet
1240 1147 1396 1213 originem
1443 1153 1565 1216 uterque

417 1237 528 1292 enims
544 1237 720 1296 bibliotheca
737 1241 907 1296 monasterii
927 1243 1074 1298 bobiensis
1097 1243 1236 1309 procedit.
1265 1245 1386 1299 llitidior
1408 1250 1506 1299 autem
1538 1248 1567 1298 et

418 1335 575 1390 correctior
597 1341 641 1391 est
668 1351 755 1404 quam
770 1339 801 1392 in
814 1339 997 1393 ambrosiano
1023 1339 1165 1406 scriptura
1183 1340 1290 1394 codicis
1308 1342 1494 1396 taurinensis.
1514 1343 1566 1395 Sed

417 1429 449 1483 in
483 1431 539 1486 hoc
568 1433 673 1487 litteroe
700 1435 801 1489 multae
831 1440 860 1488 ct
885 1437 973 1489 etiam
1001 1436 1120 1503 integrae
1149 1435 1234 1490 lineae
1263 1437 1368 1505 prioris
1397 1443 1426 1492 et
1456 1439 1566 1492 ultimae

417 1527 528 1595 pagine
542 1531 696 1584 suntadeo
715 1531 844 1586 evanidas
861 1532 908 1586 vel
928 1545 1016 1586 erasae
1037 1537 1071 1586 ut
1091 1545 1192 1586 earum
1215 1533 1301 1588 lectio
1327 1534 1500 1588 difficillima
1519 1535 1563 1588 sit.

417 1625 501 1679 Nullo
515 1622 584 1680 satis
598 1631 677 1682 certo
690 1633 860 1694 argumento
884 1629 973 1684 statui
992 1633 1087 1696 potest
1106 1635 1208 1684 utrum
1232 1631 1322 1686 codex
1343 1633 1519 1686 taurinensis
1532 1645 1568 1686 ox

418 1722 554 1779 Hibernia
568 1726 724 1780 translatus
737 1739 775 1780 an
789 1726 819 1780 in
834 1726 896 1794 ipso
911 1725 1042 1781 bobiensi
1066 1727 1113 1781 vel
1136 1727 1167 1781 in
1191 1727 1289 1795 aliquo
1314 1728 1371 1782 alio
1391 1728 1567 1782 continentia

418 1821 537 1889 Europae
551 1824 727 1877 monasterio
738 1825 921 1891 conscriptus
934 1823 973 1878 sit
986 1838 1044 1891 quo
1059 1823 1190 1892 tempore
1205 1823 1375 1879 llcl'umhani
1388 1826 1525 1894 discipuli
1538 1831 1568 1880 et

419 1933 613 1985 successores,
638 1921 806 1988 exemplum
831 1921 901 1976 clari
922 1922 1052 1988 magistri
1075 1922 1183 1984 secuti,
1213 1923 1244 1976 in
1266 1923 1436 1978 monasticis
1460 1923 1568 1990 pluteis

418 2015 631 2083 locupletandis
645 2017 764 2084 provide
778 2019 993 2073 incumbebant.

450 2114 538 2180 Addo,
554 2115 585 2168 in
600 2115 848 2182 adnotationibus,
874 2115 1075 2182 exemplorum
1090 2118 1184 2182 causa,
1200 2117 1308 2172 codicis
1322 2118 1567 2174 mediolanensls²

418 2212 527 2279 glossas
541 2213 699 2268 nonnullas
713 2215 821 2280 passim
839 2214 972 2277 selectas,
990 2215 1134 2282 praecipue
1155 2229 1191 2270 ex
1210 2215 1422 2269 imitationibus
1435 2229 1570 2282 quorum-

419 2309 485 2362 dam
499 2309 637 2364 foliorum
662 2323 734 2378 quas
757 2311 792 2364 ad
817 2325 866 2364 me
888 2309 969 2365 misit
992 2312 1180 2366 ambrosiana
1202 2311 1386 2366 bibliotheca
1405 2314 1567 2379 praelectus.

418 2406 490 2461 Aliis
504 2407 584 2461 enim
598 2407 703 2461 ciliciis
717 2407 870 2470 distentus,
881 2409 1140 2476 hlodiolanipaucis
1154 2412 1268 2464 tantum
1278 2409 1382 2462 diebus
1396 2409 1569 2463 commorari

418 2505 502 2573 potui
516 2509 549 2558 ut
563 2505 694 2559 codicem
704 2505 801 2572 ipsum
812 2505 951 2560 viderem.
964 2507 1047 2560 Hunc
1056 2520 1126 2560 vero
1138 2507 1278 2572 codicem,
1292 2507 1563 2569 membranaceum,

418 2607 561 2656 vetustate
573 2603 773 2656 venerandum
787 2604 912 2670 (attingit
927 2604 1039 2658 scilicet
1053 2605 1194 2658 saeculum
1210 2604 1291 2670 llll),-
1305 2579 1507 2658 emonasterio
1523 2603 1569 2656 bo

417 2701 512 2755 hiensi
531 2699 632 2758 itidem
656 2701 882 2768 procedentem,
906 2701 1080 2768 jampridem
1105 2701 1321 2767 descripserunt
1347 2701 1519 2755 Muratorius
1540 2703 1569 2761 ⁸,

418 2797 574 2852 vallarsius
589 2801 607 2862 ¹,
623 2799 734 2866 Peyron
748 2801 767 2862 ⁸,
785 2801 814 2852 et
827 2798 914 2852 Zeuss
928 2800 947 2862 ⁰,
964 2799 1014 2866 qui
1028 2801 1195 2865 postremus
1204 2798 1344 2864 plurimas
1358 2797 1446 2851 etiam
1461 2798 1570 2864 glossas

419 2896 486 2950 inde
510 2899 660 2962 excerptas
680 2896 712 2948 in
737 2909 820 2950 suam
847 2897 1064 2963 grammaticam
1090 2896 1222 2950 celticam
1251 2896 1407 2951 transtulit.
1439 2895 1571 2950 Continet

419 2995 509 3049 codex
526 2974 742 3048 'commentaria
762 2995 931 3049 columbani
951 2995 982 3048 in
1007 2995 1136 3062 psalmos
1161 2998 1190 3048 et
1214 2994 1339 3060 copiosis
1364 2998 1454 3049 scatet
1467 2995 1570 3062 glossis

420 3091 577 3146 hibernicis
590 3091 826 3146 interlinearihus
840 3095 869 3146 et
883 3093 1100 3159 marginalibus.
1114 3093 1284 3146 Praetiosum
1299 3093 1449 3146 enimvero
1463 3107 1570 3146 monu-

420 3193 566 3246 mentum!
590 3191 669 3255 Quod
692 3203 770 3253 sane,
795 3191 977 3260 antiquitate,
1003 3190 1233 3255 conservatione,
1258 3194 1288 3244 et
1308 3191 1392 3257 copia
1406 3191 1570 3258 meritoque

420 3290 593 3358 glossarum,
603 3301 820 3356 quemcumque
830 3289 921 3342 alium
934 3287 1043 3342 celticae
1054 3288 1172 3355 originis
1183 3289 1314 3342 codicem
1324 3288 1371 3343 vel
1381 3288 1466 3342 facile
1476 3293 1572 3356 aequat

419 3387 468 3442 vel
479 3389 603 3453 superat.
619 3387 733 3440 Utinam
748 3399 818 3440 vero
830 3386 952 3454 insignis
962 3386 1016 3440 iste
1028 3399 1134 3440 vocum
1144 3391 1174 3440 ot
1182 3387 1343 3440 formarum
1354 3385 1570 3440 hibernicarum

408 3484 576 3550 ,thesaurus
590 3495 650 3536 non
666 3483 809 3551 imperem
820 3483 975 3550 aliquando
990 3484 1132 3538 editorem
1146 3485 1343 3539 nanciscaturl

451 3582 545 3636 Manet
558 3595 637 3635 nunc
651 3585 684 3635 ut
704 3581 782 3639 viros
798 3582 909 3646 doctos,
938 3581 989 3649 qui
1007 3581 1070 3636 hac
1089 3583 1201 3650 legent,
1216 3595 1365 3648 moneam,
1382 3583 1470 3650 hujus
1484 3597 1571 3652 opus-

421 3681 481 3737 culi
494 3680 640 3747 preetium
656 3680 681 3734 si
697 3681 775 3746 cuod
790 3683 842 3741 est,
858 3693 917 3733 non
933 3679 963 3732 in
977 3680 1146 3748 praelatione
1160 3679 1230 3733 etin
1245 3679 1490 3745 adnotationibus,
1506 3697 1572 3748 qua

458 3917 479 3966 l.
497 3914 536 3967 ul.
551 3917 590 3966 W.
606 3918 710 3976 lieevcs,
725 3913 876 3965 ddamnan’s
890 3914 935 3965 lile
946 3914 975 3964 ol
987 3917 1024 3968 Sl.
1040 3914 1171 3967 Columba.
1186 3913 1292 3964 Duhliu.
1310 3915 1378 3966 1857.
1394 3917 1445 3964 XX.
1461 3917 1526 3965 XXI.

454 3997 478 4048 i.
493 3997 670 4062 Distinguitur
684 3997 711 4046 in
726 3995 839 4046 biblioth
863 3995 980 4046 Ambrcs.
996 3999 1056 4046 hold
1070 3997 1097 4048 G.
1109 3996 1163 4048 301.
1179 3995 1278 4046 Glossae
1291 3995 1492 4047 mediolanenses
1504 4011 1518 4046 a
1532 4011 1573 4046 me

424 4077 585 4142 transcriptae
599 4077 713 4126 citantur
729 4075 771 4126 hle
782 4076 856 4140 juxta
869 4075 966 4127 codicis
980 4075 1138 4139 paginarum,
1154 4089 1204 4126 non
1215 4075 1344 4133 loliorum,
1361 4077 1572 4126 numerationem.

456 4158 480 4208 3.
494 4158 581 4222 Aniiq.
597 4157 653 4208 llal.
669 4159 716 4208 Ill.
734 4156 790 4208 859.
820 4191 825 4205 .

455 4239 479 4290 i.
495 4239 522 4290 S.
537 4239 643 4289 Hieron.
659 4252 701 4302 op.
717 4236 744 4286 in
756 4234 831 4300 prael.
846 4234 878 4285 ad
891 4249 948 4300 app.
964 4238 992 4286 T.
1008 4237 1065 4285 v11.

457 4321 480 4370 5.
496 4323 545 4385 Op.
559 4321 586 4371 G.
601 4319 641 4371 26.
659 4319 711 4370 188.

456 4403 481 4452 6.
497 4403 541 4451 Gr.
557 4401 616 4451 celi.
632 4402 718 4451 XXIX.
