3580 5586
675 465 906 530 Pharsalo.
1306 481 1364 527 xxv

249 607 385 662 «codicis
408 609 604 674 fragmentum
626 611 740 662 constat
763 606 842 660 toliis
864 606 978 660 duobus
996 617 1013 658 a
1032 617 1123 658 manu
1136 603 1271 658 saxonica
1290 603 1364 670 (loge

219 704 407 771 »hibernica
421 703 545 758 exaratis
618 703 725 758 saeculo
748 703 797 766 lx,
819 703 868 758 iol.
892 715 989 770 parvo.
1010 701 1115 768 Incipit
1138 704 1194 756 etc.
1219 700 1366 768 Anonymi

219 802 491 858 »commentarium
518 801 549 854 in
577 801 760 866 evangelium
789 801 874 854 lierci
962 799 1058 854 Multis
1089 799 1191 866 glossis
1221 798 1367 852 interline-

218 919 232 950 ι)
248 900 345 954 aribus
360 898 503 954 saxonicis
522 899 601 966 (lege
626 898 801 965 hibernicis)
822 902 921 952 scatet.
936 898 1019 952 Hune
1032 896 1162 952 codicem
1176 895 1262 950 credo
1276 896 1366 950 inisse

219 1018 233 1043 »
247 997 278 1050 92
292 996 458 1060 inventarii,
476 996 507 1048 in
522 1008 579 1063 quo
594 995 717 1050 habetur
729 1017 758 1040 -
769 995 938 1062 hyeronimi
948 993 1190 1048 comentariolum
1200 993 1231 1046 in
1241 992 1367 1046 Marcum

220 1115 233 1140 »
248 1095 322 1148 idest
336 1093 478 1160 expositio
493 1107 582 1162 super
599 1093 786 1160 livangelium
801 1093 894 1148 sancti
910 1092 1003 1146 Marci.
1019 1091 1132 1146 iilosata
1145 1091 1176 1144 in
1190 1089 1276 1145 cartis
1291 1102 1368 1155 gros·

223 1214 234 1242 a
250 1194 289 1248 sis
303 1197 333 1247 et
350 1193 380 1248 iu
394 1194 491 1248 littera
504 1193 679 1260 longobarda
696 1221 724 1240 -
743 1193 852 1246 Revera
867 1193 1039 1246 membrana
1052 1195 1097 1246 est
1111 1203 1213 1246 crassa.
1232 1210 1242 1238 l
1258 1198 1266 1225 ⁴

253 1293 345 1348 codex
375 1297 419 1348 est
444 1293 700 1356 membranaceus,
737 1292 837 1346 saeculi
868 1291 903 1344 lli
928 1291 1067 1345 ineuntis.
1101 1290 1232 1345 conaret
1257 1293 1369 1344 textum

222 1390 345 1444 latinum
374 1403 465 1444 manu
495 1389 646 1444 hibernica
673 1393 838 1454 exaratum,
868 1395 898 1444 et
924 1389 1033 1456 glossas
1058 1388 1163 1454 partim
1201 1387 1369 1450 hibernica,

222 1487 327 1553 partim
366 1487 454 1540 latine
492 1486 621 1554 scriptas.
659 1487 713 1540 Sed
753 1487 856 1551 glossae
895 1485 1052 1540 hibernicae
1090 1485 1266 1552 copiosiores
1303 1487 1372 1538 sunt

223 1598 311 1652 quarn
338 1584 444 1638 latinae.
477 1585 577 1638 Forma
601 1584 763 1638 litterarum
791 1588 853 1638 tum
878 1585 909 1638 in
933 1587 1013 1638 textu
1036 1587 1099 1637 tum
1117 1583 1148 1636 in
1168 1583 1270 1650 glossis
1290 1595 1370 1649 pror·

197 1739 208 1764 ⁴
223 1696 273 1737 sus
286 1683 436 1736 hibernica
449 1686 503 1748 est,
519 1695 585 1750 quae
599 1696 705 1748 nempe
720 1683 798 1750 apud
813 1683 954 1737 Hibernos
968 1682 1084 1736 saeculis
1097 1685 1198 1736 octavo
1213 1686 1243 1735 et
1252 1694 1330 1736 nono
1342 1681 1373 1735 in

224 1793 279 1833 usu
294 1783 363 1832 erat.
379 1779 440 1834 Non
454 1778 531 1832 idem
545 1783 644 1833 tamen
658 1779 788 1834 calamus
801 1784 914 1833 textum
929 1783 959 1834 et
978 1779 1088 1846 glossas
1102 1779 1238 1834 exaravit.
1258 1779 1373 1833 Litterae

225 1879 333 1940 textus,
359 1876 428 1930 satis
452 1875 599 1942 elegantes
613 1879 643 1930 et
665 1877 766 1939 clarae‚
791 1877 959 1943 grandiores
983 1880 1052 1932 sunt
1075 1881 1105 1930 et
1119 1876 1211 1943 magis
1226 1876 1374 1941 regulares

226 1987 312 2041 quam
326 1974 430 2028 litterae
444 1975 614 2040 glossarum.
641 1977 841 2030 stramentum
866 1975 1027 2029 adhibitum
1051 1976 1082 2028 in
1098 1975 1255 2041 scriptione
1279 1979 1374 2028 textus

225 2072 381 2139 pristinum
399 2072 516 2138 nigrum
538 2072 667 2126 colorem
693 2073 831 2137 servavit,
854 2073 924 2126 dum
941 2072 971 2126 in
987 2072 1091 2139 glossis
1106 2071 1215 2126 sensim
1235 2071 1372 2126 harescit.

225 2169 330 2224 'lextus
352 2169 460 2224 latinus
480 2170 587 2236 praebet
607 2171 801 2236 fragmentum
824 2170 1026 2224 commentarii
1050 2169 1219 2238 Hieronymi
1242 2169 1272 2222 in
1290 2168 1375 2222 Marci

226 2267 419 2334 evangelium.
435 2267 548 2320 Constat
561 2268 652 2322 codex
666 2269 780 2322 dnobus
795 2268 884 2331 loliis,
900 2267 946 2322 vel
965 2267 1063 2334 potins
1083 2267 1142 2320 una
1155 2267 1325 2320 membrana
1339 2266 1374 2320 ad

227 2363 381 2418 dimidium
395 2364 501 2431 plicata
515 2377 579 2431 quae
589 2366 647 2419 duo
657 2365 727 2418 folia
741 2365 839 2418 elficit.
854 2364 1000 2418 Dimensio
1014 2363 1151 2417 foliorum
1167 2363 1231 2417 haec
1240 2367 1293 2417 est.
1307 2363 1375 2417 hon·

227 2461 327 2528 gitudo
341 2462 445 2528 pedem
454 2474 610 2516 romanum
620 2462 747 2529 attingit;
763 2462 885 2516 latitudo
895 2461 997 2516 uncias
1007 2465 1072 2516 octo
1084 2465 1114 2514 et
1123 2460 1212 2516 semis
1226 2463 1374 2527 superata

227 2557 340 2613 Folium
355 2558 483 2626 primum
498 2563 610 2612 constat
623 2559 736 2614 duabus
749 2559 864 2626 scriptis
885 2559 1010 2626 paginis;
1033 2563 1156 2625 utraque
1179 2557 1283 2625 pagina
1305 2558 1375 2612 dua-

227 2656 283 2710 bus
297 2655 455 2720 columnis;
477 2670 601 2723 qumque
623 2655 760 2710 columna
783 2657 869 2711 lineis
884 2655 1010 2723 triginta.
1029 2657 1138 2710 Praehet
1150 2659 1249 2710 autem
1263 2655 1319 2708 boc
1332 2657 1375 2709 lo·

228 2752 303 2806 lium
327 2754 571 2806 commentarium
593 2753 624 2806 in
646 2754 731 2807 Marci
745 2753 929 2820 evangelium
944 2767 961 2806 a
974 2755 992 2820 δ
1006 2756 1015 2807 1
1033 2753 1069 2808 ad
1082 2754 1100 2820 g
1115 2755 1130 2806 7
1144 2766 1205 2820 cap.
1222 2752 1242 2806 Ι.
1264 2752 1376 2806 Folium

229 2852 352 2906 alterum
367 2852 438 2906 item
461 2852 573 2906 duabus
587 2852 699 2918 paginis
723 2855 753 2905 et
776 2856 901 2918 quatuor
924 2852 1068 2906 columnis
1092 2855 1212 2906 constat.
1238 2851 1331 2904 Prima
1348 2854 1378 2904 et

230 2953 331 3015 quarta
344 2948 482 3003 columna
499 2948 687 3015 quadraginta
701 2954 732 3002 et
746 2962 848 3009 unam,
865 2949 993 3004 secunda
1008 2953 1039 3003 et
1052 2949 1138 3003 tertia
1150 2948 1268 3015 triginta
1281 2953 1311 3002 et
1324 2961 1376 3002 nc·

230 3059 295 3100 vem
320 3046 412 3100 lineas
435 3046 551 3100 habent.
578 3047 710 3101 Continet
731 3047 788 3101 hoc
812 3047 936 3101 alterum
958 3047 1062 3102 folium
1085 3046 1326 3102 commentarium
1346 3046 1377 3098 in

229 3142 313 3196 Marci
326 3143 510 3209 evangelium
525 3157 541 3196 a
554 3143 573 3210 ὅ
588 3146 618 3198 52
632 3157 693 3212 cap.
709 3139 768 3199 XIV
784 3158 878 3212 nsque
893 3145 928 3198 ad
941 3145 959 3211 ᾗ
972 3147 1004 3197 ii
1017 3157 1077 3211 cap.
1094 3143 1149 3198 XV.

260 3239 353 3294 Codex
366 3240 601 3308 orthographiam
616 3242 748 3308 sequitur
763 3255 828 3309 qnae
844 3241 973 3296 hibernis
986 3241 1066 3296 illins
1084 3241 1176 3295 aetatis
1195 3239 1311 3308 propria
1323 3238 1379 3293 init

230 3345 260 3396 et
272 3345 336 3395 orta
349 3346 394 3396 est
407 3355 444 3394 ex
457 3341 564 3407 linguae
580 3340 737 3394 hibernicae
751 3339 988 3406 pronuntiatione
1010 3343 1040 3393 et
1054 3339 1198 3405 scriptura
1211 3343 1230 3389 ⁸.
1254 3337 1298 3390 Sic
1321 3338 1379 3390 fre·

231 3443 354 3506 quenter
368 3442 489 3492 accentu
500 3442 638 3493 notantur
649 3438 763 3492 vocales
774 3438 922 3504 productae
934 3437 1104 3504 (praesertim
1113 3436 1145 3490 in
1153 3433 1379 3502 monosyllabis),

231 3540 287 3590 ut:
310 3527 370 3607 me,
394 3527 462 3607 nos,
486 3529 528 3606 se,
553 3528 599 3606 ds,
623 3531 660 3608 sl,
685 3531 727 3606 tri,
752 3530 807 3608 sic,
831 3531 868 3608 is,
884 3529 913 3608 a,
929 3527 958 3607 ὁ,
975 3529 1035 3606 hic,
1058 3528 1130 3604 hiic,
1155 3527 1255 3604 lictus,
1279 3525 1378 3602 nobis,

232 3628 438 3705 uestimentis,
462 3628 608 3706 scopolis,
632 3625 748 3705 simon,
774 3628 880 3705 uestis,
903 3627 1042 3703 cilicina,
1065 3623 1139 3694 isac.
1164 3625 1246 3704 pilis
1268 3623 1380 3702 adpro-

232 3723 379 3802 pincauit,
404 3720 525 3801 relicto,
549 3726 624 3801 ulia,
648 3725 745 3787 bonis.
769 3731 899 3786 consona
912 3730 1058 3796 geminata
1071 3742 1147 3796 saepe
1161 3728 1316 3782 adhibetur
1329 3737 1381 3792 pro

233 3827 380 3894 simplici:
404 3823 614 3900 paradissum,
638 3823 753 3898 assela,
775 3823 922 3901 possitos,
947 3821 1091 3898 camello,
1120 3819 1254 3895 camelli,
1277 3817 1380 3895 ollim‚

234 3918 449 3996 dessiderinm‚
467 3937 665 3997 susssnnam,
681 3920 897 3998 excussabiles,
912 3936 1016 3996 serrae,
1033 3917 1164 3992 ferissei,
1181 3917 1378 3976 amissorunt.

268 4183 289 4233 l.
304 4185 333 4233 Α.
349 4184 448 4247 Peyron
461 4196 504 4248 op.
519 4183 563 4232 cit.
582 4184 632 4236 192.

263 4263 289 4312 i.
305 4265 382 4313 Juxta
396 4263 548 4313 hodiernam
564 4275 711 4313 mensnram
726 4281 731 4312 :
748 4263 815 4326 long.
830 4263 861 4314 29
876 4264 977 4314 centim.
993 4263 1057 4313 latit.
1073 4263 1112 4314 il.

267 4344 290 4394 3.
308 4345 336 4394 z.
351 4345 415 4396 lllll.
431 4371 459 4380 -
475 4346 513 4393 W.
529 4345 637 4404 liceras,
652 4343 696 4392 Ad.
712 4343 768 4394 Liie
781 4343 810 4393 oi
822 4345 858 4394 St.
875 4345 929 4395 Col.
946 4345 1009 4394 ivl.

1189 4421 1220 4482 ὁ,
