3580 5586
812 408 1002 474 TEXTUS

765 603 835 648 mu.
863 583 905 646 ΙΙ.
933 601 1004 647 ceu.
1033 584 1056 646 Ι.

334 756 422 800 mum
450 739 557 818 dilegit
578 737 617 800 ad
646 737 812 798 sinastram
839 736 958 797 declina

335 848 392 910 uit.
419 864 492 908 nam
522 846 599 909 bene
623 845 713 906 multi
741 847 839 924 agunt
867 845 920 906 sed
948 862 1010 907 nen
1038 845 1116 908 bene

335 956 509 1033 correpunt.
540 955 574 1014 ut
599 950 659 1014 fuit
687 950 806 1012 helil..
836 954 866 1011 et
893 949 959 1011 mul

335 1064 359 1124 ti
383 1063 461 1124 benc
486 1063 651 1140 corrcgunt
678 1059 731 1121 sed
759 1075 821 1120 non
850 1058 928 1120 bene
954 1065 1051 1139 agunt
1076 1065 1111 1124 ut

336 1167 464 1228 luerunt
486 1164 593 1227 scribae
619 1167 650 1224 et
675 1162 797 1224 larissei
821 1163 876 1242 qui
905 1163 1016 1226 scdcba

336 1273 373 1332 nt
399 1283 492 1348 super
517 1265 691 1328 cathedram
717 1266 841 1344 moysi..
871 1266 952 1328 unde
979 1263 1045 1328 cst
1069 1271 1119 1329 tur

336 1377 418 1436 tores
445 1371 478 1432 in
503 1369 569 1448 lege
591 1367 630 1430 ad
655 1367 814 1430 ascellas3
843 1368 912 1430 eius
940 1374 1022 1433 retor

337 1476 423 1558 queri
454 1473 576 1536 iubetur
603 1475 638 1532 ut
661 1488 723 1533 non
741 1471 937 1551 separaturi
964 1471 1030 1536 es⁵
1055 1476 1093 1538 ab
1118 1493 1191 1555 oper

337 1587 409 1647 eet
434 1598 512 1662 epus
539 1595 602 1641 uon
626 1579 821 1640 dereueturt
848 1578 885 1639 ab
913 1596 988 1641 erc..
1020 1583 1145 1644 semilae
1174 1581 1299 1644 hautein

338 1695 407 1772 post
431 1691 514 1751 uiam
540 1689 692 1766 sequntur
719 1686 792 1765 quia
816 1685 961 1748 mandata
984 1688 1116 1749 moralia

338 1800 408 1880 post
436 1795 637 1875 penitentiam
662 1793 832 1854 secundum
858 1809 998 1855 marcum
1025 1796 1227 1874 explanantur
1257 1811 1296 1872 pa

340 1907 427 1967 ratur
450 1902 504 1964 uia
531 1917 586 1980 per
611 1900 702 1963 fidem
729 1903 759 1961 et
786 1899 972 1963 babtismum
997 1906 1027 1964 et
1049 1919 1088 1982 pe

339 2010 523 2074 nitentium..
552 2009 641 2070 recta
668 2006 784 2068 semitae
815 2005 973 2069 laniuntur

339 2130 394 2194 per
420 2107 573 2174 austera?
600 2108 715 2170 iudicia
739 2111 836 2171 uestis
860 2111 990 2174 cilicinae
1017 2115 1047 2173 et
1074 2129 1109 2174 ze

341 2238 390 2283 nae
411 2218 560 2299 pellicina
585 2220 616 2277 at
644 2216 704 2277 cibi
729 2215 880 2278 lucustini
910 2223 939 2278 et
963 2235 1002 2298 pe

340 2335 393 2392 tus
416 2327 518 2390 mellis
543 2326 700 2388 siluistrici
724 2329 755 2386 et
776 2325 955 2388 humillima

343 2485 377 2516 ..,
405 2437 502 2499 uocis.
529 2437 610 2498 unde
638 2436 801 2514 sequitur..
829 2434 928 2496 lluit8
953 2435 1096 2497 iohannis
1118 2436 1151 2496 in
1178 2435 1210 2496 di

342 2549 423 2609 serto
447 2547 477 2605 et
502 2544 628 2622 reliqua.
657 2543 802 2604 iohannis
829 2544 928 2623 gratia
953 2543 1002 2604 dei
1031 2543 1198 2621 interprete

340 2657 394 2714 tur
408 2650 447 2710 9..
476 2666 495 2711 a
521 2649 618 2728 gratia
644 2649 780 2710 narratio
803 2646 830 2697 10
853 2649 921 2709 eius
940 2646 964 2697 ΙΙ
994 2649 1150 2728 incipitur.
1180 2648 1261 2710 unde

343 2757 505 2837 sequitur..
536 2754 690 2816 babtizans
714 2771 769 2834 per
793 2754 980 2816 babtismum
1008 2754 1091 2816 enim

343 2864 441 2946 gratia
464 2862 554 2925 datur
580 2879 642 2942 quc
660 2861 687 2910 ¹2
714 2865 838 2940 peccata
866 2861 962 2940 gratis
990 2861 1067 2922 dimi

343 2975 474 3034 tuntur..
506 2970 587 3032 unde
614 2970 728 3032 dicitur
752 2970 834 3048 quod
859 2969 955 3049 gratis
977 2969 1143 3050 accipistis.
1172 2986 1191 3048 g

343 3084 418 3145 ratis
445 3082 514 3145 date
540 3085 570 3143 et
594 3081 751 3161 apostolus
774 3081 827 3142 ait.
854 3081 954 3160 gratia
976 3081 1022 3142 sal

309 3241 312 3249 .
343 3189 408 3251 uati
431 3189 506 3250 estis
533 3204 588 3265 per
614 3187 713 3250 sedem
730 3186 767 3246 ¹3.
785 3190 815 3248 et
842 3187 901 3248 hoc
929 3203 991 3248 non
1019 3202 1055 3246 ex
1081 3185 1169 3247 uobis
1186 3183 1223 3244 ll,
1254 3184 1303 3245 dei
1380 3199 1386 3207 ·

343 3296 427 3357 enim
450 3295 566 3356 donum
593 3297 639 3355 est
663 3310 703 3355 nc
730 3295 801 3372 quis
827 3294 974 3372 glorietur
1001 3291 1016 3370 ᾖ
1041 3290 1099 3373 i(n)
1129 3309 1162 3354 re

346 3446 383 3477 ..,
411 3399 450 3462 Et
478 3399 652 3480 praedicans
678 3398 865 3462 babtismum
892 3399 1073 3478 penetentia

343 3507 507 3568 misionem
532 3509 749 3584 peccatorum..
777 3503 863 3576 Quod
885 3509 1118 3568 consummatur
1134 3505 1162 3556 15
1188 3523 1243 3586 per
1311 3565 1321 3590 ‚

345 3629 491 3692 sponsum
508 3613 536 3665 16
563 3614 704 3675 initiatur
718 3611 746 3662 ¹7
771 3630 826 3692 per
852 3615 1036 3694 paranimph

344 3717 464 3783 um18..
492 3719 575 3781 unde
600 3721 780 3782 catecumini
798 3719 826 3770 ¹⁹
850 3721 908 3783 hcc
933 3724 979 3782 est
1003 3720 1148 3785 instructi
1176 3719 1207 3780 in

345 3828 466 3908 cipiunt
487 3844 543 3908 per
569 3827 758 3891 sacerdotem
784 3833 813 3890 et
839 3829 1028 3892 crismentur
