3580 5586
652 469 723 514 clo.
746 449 800 514 IV.
824 468 896 513 cot.
920 449 944 512 l.
1333 462 1375 516 55

219 595 296 656 liaec¹
337 595 541 662 constructio,
573 609 639 666 quae
675 595 808 650 occurrit
843 595 930 650 etlam
963 593 1041 650 inira
1077 595 1108 650 ln
1137 595 1175 664 gl.
1205 597 1250 652 lv.
1278 599 1312 654 ll.
1346 600 1373 665 7,

218 700 346 758 insolita
372 701 465 756 videri
496 703 611 770 potest,
646 700 769 771 ejusque
802 701 1007 772 interpretatio
1047 701 1119 757 mihi
1154 702 1250 759 adhuc
1285 703 1376 760 dubia

218 810 336 862 manet.
361 804 488 862 Verbum
515 797 649 874 rumuli,
690 811 784 862 utmc
802 813 903 864 monet
925 809 969 863 W.
992 809 1031 862 M.
1047 809 1206 878 Hennessy,
1233 807 1376 876 significat

218 905 379 982 meditari,
410 904 585 983 recogitare,
617 903 675 966 sihi
704 919 874 982 proponere
904 904 937 964 in
965 905 1069 966 animo
1096 920 1102 964 :
1134 905 1177 965 da
1204 908 1309 965 messi
1330 923 1374 966 oo

218 1010 359 1072 retineri
392 1029 413 1072 u
446 1030 522 1072 mor
563 1011 715 1089 compulo
743 1007 784 1090 (lt
809 1033 869 1076 was
894 1019 905 1074 l
932 1021 999 1076 who
1027 1031 1088 1074 was
1113 1024 1195 1075 wont
1222 1025 1252 1076 to
1279 1021 1375 1076 medi-

219 1129 298 1192 tate,
323 1132 354 1182 to
368 1127 448 1196 plan,
464 1125 541 1181 ihelr
566 1129 648 1195 grem
673 1125 822 1196 conflicts)
847 1125 915 1182 Leb.
930 1140 967 1180 na
980 1125 1078 1181 h-Uld.
1093 1127 1136 1186 7o.
1153 1127 1180 1179 6.
1196 1127 1222 1179 1.
1237 1126 1266 1180 Si
1281 1124 1375 1183 forma

219 1222 271 1285 du
298 1225 384 1286 reita
420 1233 577 1291 nominalis
606 1247 665 1290 non
690 1238 754 1301 ost,
781 1232 833 1289 sod
857 1230 995 1295 verbalis,
1021 1229 1124 1286 haberi
1151 1234 1251 1300 posset
1275 1245 1329 1302 pro
1356 1233 1374 1288 3

219 1349 304 1406 pers.
335 1339 409 1407 sing.
437 1339 594 1408 praesentis
620 1337 680 1394 ind.
710 1337 756 1393 vel
787 1336 947 1407 praeteriti,
973 1339 1024 1392 aut
1051 1348 1105 1404 pro
1135 1336 1151 1387 l
1181 1347 1259 1403 pers.
1286 1349 1372 1404 praes.

219 1443 301 1510 ind.‚
325 1444 366 1499 lta
392 1447 426 1499 ut
453 1443 568 1512 integra
592 1443 706 1513 phrasis
735 1443 877 1498 vertenda
904 1445 982 1497 esset
1003 1433 1030 1494 si
1057 1433 1233 1510 meditatur,
1258 1435 1286 1496 si
1306 1451 1374 1496 mo·

219 1541 341 1606 dilatus
367 1546 423 1621 ost,
455 1543 504 1606 vel
534 1543 561 1605 si
590 1543 757 1604 meditaris.
786 1550 843 1606 Sed
861 1563 952 1606 unum
975 1549 1074 1604 sensui
1094 1563 1197 1619 parum
1225 1553 1372 1620 congruit,

220 1657 352 1714 alterum
381 1658 502 1714 dubium
529 1655 627 1713 reddit
651 1655 785 1711 delectus
812 1659 891 1710 notae
909 1653 1119 1724 pronominalis
1141 1647 1212 1721 sic,
1243 1664 1280 1706 so
1306 1670 1373 1726 quae

219 1753 347 1810 verbum
372 1755 455 1824 sequi
482 1753 557 1809 solet
584 1753 615 1808 ln
640 1753 657 1806 i
686 1752 812 1822 persona
836 1750 1003 1822 presentis.

265 1857 296 1913 7.
324 1854 356 1911 is
381 1850 424 1912 td
449 1855 655 1930 lopotmsoo
684 1848 741 1930 (est
766 1859 815 1914 hio
844 1849 910 1926 ipse
934 1852 1032 1924 actus,
1060 1847 1169 1910 isthaec
1197 1854 1243 1911 est
1267 1848 1370 1932 actio).

266 1964 295 2020 8.
326 1957 478 2036 doripoi
505 1961 615 2036 potor
654 1954 759 2037 (quam
787 1955 859 2018 iecit
885 1954 1019 2037 Petrus).
1051 1989 1092 2002 -
1117 1956 1266 2036 dortpoi
1292 1955 1375 2038 (fecit

220 2074 255 2127 et
285 2084 352 2127 cum
378 2069 521 2128 relatione
545 2064 627 2143 quod
656 2062 751 2144 fecit),
776 2074 794 2128 3
821 2084 900 2143 pers.
920 2071 994 2141 sing.
1017 2076 1102 2142 praet.
1122 2071 1204 2129 verbi
1224 2063 1375 2141 ‹to-pato

224 2165 364 2249 (iacere),
391 2191 419 2234 v.
448 2173 487 2248 gl.
515 2179 537 2234 l.
562 2180 585 2234 l.
614 2181 658 2232 10.

266 2281 295 2336 9.
338 2277 443 2335 ictuc
484 2274 774 2353 cocpctrtterm·
814 2271 928 2354 (quum
966 2271 1119 2355 urimur).
1155 2307 1197 2321 —
1235 2293 1374 2337 con-n-

221 2384 474 2461 pairtlter-oi,
517 2391 683 2462 exemplum
722 2391 856 2447 flexionis
898 2389 1102 2462 impersonalis
1139 2390 1217 2462 conj,
1257 2393 1373 2462 passivi,

222 2495 478 2568 Stok.Gold.16;
508 2515 574 2556 cum
600 2500 774 2572 pronomine
801 2501 816 2554 l
847 2511 925 2568 pers.
959 2497 1000 2568 pl.
1029 2497 1118 2554 infixo
1146 2503 1177 2554 et
1203 2499 1315 2566 suffixo,
1344 2503 1372 2556 Z.

223 2603 285 2658 337.
316 2603 443 2661 Verbum
470 2601 614 2675 porcien
644 2594 825 2678 (calefacio),
855 2607 883 2661 Z.
908 2607 988 2669 1006,
1016 2605 1109 2660 refert
1134 2607 1180 2660 W.
1207 2605 1311 2662 stokes
1338 2608 1374 2663 ad

223 2703 288 2759 rad.
312 2705 385 2774 orig.
414 2706 506 2762 Gllllli
533 2707 668 2781 (lucere),
694 2721 789 2763 sensa
817 2699 885 2780 ghi,
903 2710 940 2763 lr.
963 2709 1000 2777 gl.
1022 2723 1051 2779 p.
1077 2711 1139 2764 113.
1153 2709 1259 2766 Eadem
1275 2711 1375 2767 radloe

223 2809 362 2866 nituntur
401 2826 507 2868 nomon
536 2814 673 2883 gallicum
709 2813 848 2884 Apollinis
890 2823 1025 2886 grannos
1061 2820 1092 2871 ct
1129 2829 1184 2872 vox
1223 2815 1375 2872 hibernica

222 2908 335 2982 prtum
362 2903 442 2986 (sol),
473 2915 552 2972 Stok.
581 2917 622 2972 ib.
648 2919 854 2970 Verumtamen
880 2929 934 2970 vox
963 2914 1126 2981 hibernica,
1152 2929 1212 2971 non
1234 2931 1319 2974 secus
1340 2931 1375 2974 ac

225 3021 345 3089 gothico
371 3015 490 3092 varmja
518 3009 703 3094 (calefacio),
733 3026 763 3076 et
784 3021 846 3076 rad.
871 3035 966 3078 sansc.
995 3023 1115 3079 secund.
1158 2999 1227 3095 g‘val
1271 3011 1375 3096 (llam-

224 3117 336 3200 maro),
352 3129 481 3185 radicem
496 3137 666 3199 supponunt
680 3131 867 3199 originariam
881 3129 1004 3186 GllVllll.
1014 3130 1084 3186 Cum
1093 3145 1164 3188 voce
1179 3146 1272 3188 sansc.
1287 3122 1376 3204 gvala

226 3237 294 3302 apte
314 3235 450 3290 convenit
475 3249 531 3292 vox
557 3235 749 3292 celto-italica
777 3237 930 3306 (dialectos
954 3237 1083 3299 Pedem.)
1103 3227 1184 3308 gisila
1211 3229 1372 3313 (flamma).

269 3337 317 3396 ll.
364 3333 489 3396 echtcr
526 3336 739 3396 comcirdirt
779 3335 919 3396 addicti
950 3335 1101 3415 poetice
1137 3338 1376 3400 :irodnmmor

231 3436 327 3520 (extra
367 3459 459 3505 usum
493 3447 688 3522 pcccatorum
729 3444 764 3505 in
802 3461 864 3524 quo
903 3439 1045 3525 luimus).
1077 3477 1118 3490 -
1159 3447 1376 3509 oomcirdtrt

227 3544 381 3622 audiuit,
411 3555 448 3611 ad
475 3556 533 3612 litt.
561 3550 608 3610 uti
635 3551 729 3611 victu.
760 3559 908 3627 Frequens
922 3557 1012 3612 estin
1027 3556 1179 3614 codicibus
1194 3561 1376 3616 constructio

229 3651 369 3713 cistert
408 3653 512 3714 tacto
552 3676 619 3720 cum
649 3662 862 3732 significatione
892 3655 973 3731 frui,
1008 3657 1070 3733 uti,
1112 3655 1235 3736 degere,
1276 3659 1373 3738 vesci,

229 3764 257 3818 Z.
285 3765 347 3824 l57.
373 3765 436 3826 [151.
465 3759 738 3819 concordari-m
765 3773 810 3825 est
837 3769 887 3824 hic
911 3782 974 3826 acc.
1006 3769 1081 3839 sing.
1106 3768 1279 3826 substantivi
1306 3771 1374 3827 iem.

230 3867 355 3924 verbalis
380 3884 432 3926 seu
460 3871 596 3928 infinitivi
623 3873 778 3942 compositi
804 3872 916 3942 duplici
944 3887 1038 3943 praep.
1069 3870 1231 3926 com-cir
1256 3880 1287 3931 et
1311 3876 1374 3931 rad.

230 3965 289 4026 der
316 3963 430 4048 (ferre).
455 3979 484 4033 z.
510 3970 857 4031 cisicctomairdirt
876 3971 979 4032 arsid
1007 3969 1057 4053 (gl.
1082 3989 1145 4034 non
1170 3973 1204 4034 in
1225 3976 1378 4036 vetustata

230 4071 324 4133 litera
358 4075 378 4134 i.
413 4091 440 4135 e.
473 4091 536 4137 non
566 4075 600 4136 in
629 4069 854 4138 'consuetudine
880 4076 1012 4159 vetusta)
1041 4083 1110 4156 58l3
1144 4080 1377 4140 tcomclrbirt

234 4176 283 4259 (in
311 4177 435 4262 indere)
467 4189 542 4260 8523
579 4183 814 4245 toomctrbirt
853 4183 961 4244 aalide·
1004 4181 1056 4264 (in
1089 4201 1168 4246 novo
1195 4189 1377 4248 testamento

231 4285 251 4346 i.
280 4303 306 4346 a.
334 4288 369 4348 in
398 4289 477 4350 novi
501 4290 742 4371 consuetudine)
775 4297 831 4368 683
871 4310 891 4352 c
928 4293 1168 4354 comairderte
1203 4293 1305 4354 diutia
1339 4293 1375 4373 ‚lt
