3580 5586
368 405 407 464 66
799 413 871 458 auo.
894 393 937 460 11.
961 410 1032 458 coa.
1054 393 1079 458 1.

368 527 542 609 scirbibc,
574 536 614 608 gl.
643 536 856 597 i.11.1b.11.
884 535 905 590 i.
931 537 977 591 15.
1006 559 1046 574 -
1066 525 1222 604 sorcuad
1245 535 1332 606 piane
1359 537 1512 607 scriptum,

368 643 421 700 aad
442 641 607 714 legendum,
637 645 671 698 ut
698 641 825 708 videtur,
853 631 1007 711 faronad
1041 629 1408 714 (imitamentum.
1438 641 1512 711 sing.

368 756 454 823 pret.
483 762 561 820 pass.
596 749 679 806 verbi
712 748 838 806 derivati
867 761 884 803 a
921 740 1072 817 forcona
1105 737 1215 820 (finis).
1238 747 1280 805 ci.
1314 741 1516 819 scironiter

371 847 558 931 (finiuntur)
587 859 616 914 z.
648 853 843 923 u6735tokes
874 855 958 912 Goid.
994 856 1038 911 15.
1067 879 1107 892 -
1140 845 1238 926 quim
1270 844 1383 927 (opus,
1406 847 1512 929 actio),

369 961 462 1019 subst.
492 976 509 1018 a
532 959 623 1018 verbo
650 947 738 1030 6666
763 946 879 1032 (facio),
907 973 936 1016 v.
964 958 1003 1028 gl.
1033 959 1058 1014 1.
1087 959 1110 1015 i.
1138 963 1251 1014 16·-
1278 950 1510 1027 nicoteranae,

369 1057 628 1120 intindnrscon
656 1053 852 1136 (incoepit),3
885 1077 963 1134 para.
1000 1065 1077 1134 sing.
1110 1067 1196 1134 prat.
1236 1063 1318 1121 vorbi
1360 1064 1516 1134 compositi

370 1187 461 1246 praep.
492 1165 639 1241 do-t'nd,
670 1161 872 1225 in-do-ind
897 1175 929 1228 et
956 1171 1017 1228 rad.
1045 1181 1139 1226 acuo.
1177 1173 1307 1231 Notanda
1340 1178 1387 1230 cat
1413 1174 1443 1229 in
1470 1173 1517 1228 his

371 1282 474 1338 ionmia
496 1279 685 1352 transpositio
715 1278 881 1336 litterarum
910 1283 940 1334 et
975 1277 1144 1336 assimilatio
1172 1279 1279 1336 vocalis
1306 1280 1344 1336 ob
1377 1292 1518 1334 assonan-

370 1391 440 1446 tiam
464 1389 494 1446 in
518 1386 663 1461 pannonia
691 1385 835 1458 praetenti
863 1395 904 1438 ur
932 1398 985 1456 pro
1007 1395 1063 1456 ro,
1090 1387 1146 1444 nisi
1182 1385 1260 1446 ion-tc
1292 1389 1323 1444 in
1349 1395 1393 1440 ar
1427 1387 1518 1445 lateat

371 1492 485 1549 relatio.

805 1691 878 1772 Peg.
901 1691 940 1754 ll.
964 1693 1021 1756 coi.
1046 1672 1085 1756 ΙΙ.

412 1908 459 1974 Gi.
479 1917 509 1972 5.
538 1911 623 1968 6666
651 1905 786 1989 (capite),
817 1917 962 1986 genitivus
980 1917 1025 1972 vei
1044 1917 1167 1974 tortasse
1196 1920 1339 1976 iocativus
1363 1919 1520 1987 singularis

372 2025 546 2084 substantivi
587 2038 678 2081 masc.
717 2031 805 2075 oetan
837 2011 970 2094 (caput).
1001 2023 1093 2094 Hujus
1130 2025 1257 2082 nominis
1293 2025 1518 2083 declinationem

373 2129 493 2200 exponit
524 2131 570 2185 W.
598 2127 712 2194 Stoica,
741 2128 780 2184 ir.
807 2126 848 2196 gi.
874 2119 905 2197 p.
932 2128 978 2184 69.
1443 2207 1445 2212 Ι

413 2236 443 2291 6.
482 2231 513 2288 is
553 2225 594 2287 166
635 2225 822 2288 condedas
857 2229 970 2288 66666
1015 2227 1180 2307 66966666
1228 2231 1301 2290 666.
1346 2229 1446 2307 pnite
1482 2233 1520 2289 in

373 2332 674 2397 chodchoa’mnidi
703 2332 843 2394 retaciat
871 2333 1046 2411 [66661666.
1082 2334 1360 2413 dosoirndiilter
1387 2339 1455 2396 tris
1482 2339 1521 2396 66

374 2443 494 2504 nebrot
521 2441 604 2519 sind
630 2438 694 2519 (osi
720 2441 778 2504 isia
809 2439 925 2504 candor
952 2440 1103 2502 bonorum
1132 2457 1259 2520 operum
1283 2441 1422 2520 ipsorum
1451 2458 1521 2521 quae

374 2550 493 2615 iaciunt
517 2546 730 2612 catechumeni
755 2551 921 2627 antequam
941 2548 1068 2610 subeant
1087 2547 1292 2626 baptismum,
1321 2548 1376 2630 qui
1402 2547 1521 2628 signifi-

375 2659 464 2720 catur
488 2671 543 2735 per
568 2653 696 2734 pallium
722 2651 850 2736 album).
865 2653 1122 2731 -cundadas,
1168 2661 1380 2721 subst.·maso.
1409 2664 1523 2721 deriva-

375 2775 448 2839 tum,
477 2773 511 2825 ut
536 2767 663 2836 videtur,
690 2782 707 2824 a
734 2766 784 2823 iat.
824 2757 995 2837 candidus,
1037 2766 1196 2824 assimilata
1236 2783 1290 2840 per
1327 2770 1523 2826 assonantiam

376 2866 506 2924 secunda
535 2865 629 2924 vocali
654 2870 685 2921 et
712 2864 811 2920 addita
841 2865 1048 2921 terminatione
1075 2866 1324 2923 substantivorum
1357 2867 1524 2924 hibernico-

377 2988 441 3030 rum
468 2975 499 3029 iu
525 2981 578 3040 as,
610 2971 639 3026 Ζ.
665 2971 727 3025 756.
755 2992 798 3006 -
820 2958 1010 3038 donnanae
1034 2960 1103 3043 (pro
1137 2963 1347 3043 dep-putueo
1374 2964 1524 3027 bonorum

376 3089 514 3156 operum,
545 3067 816 3150 bone-factorum),
833 3093 900 3149 gen.
936 3078 977 3150 pl.
1010 3081 1137 3136 nominis
1174 3082 1328 3150 compositi
1364 3081 1424 3154 adj.
1458 3073 1525 3152 deq

377 3189 460 3260 (alias
488 3179 572 3260 dap,
601 3175 712 3258 bonus)
741 3189 772 3242 et
797 3183 891 3242 subst.
918 3173 1016 3255 quim
1044 3174 1151 3258 (opus,
1180 3175 1270 3259 actio)
1300 3189 1328 3244 Ζ.
1346 3188 1407 3244 666.
1423 3189 1526 3244 Forma

376 3283 521 3366 dequim
547 3306 601 3364 pro
631 3281 804 3364 daqpntm
831 3306 909 3363 saepe
947 3291 1032 3350 obvia
1065 3298 1112 3352 cst
1144 3293 1174 3348 in
1222 3293 1287 3350 cod.
1324 3293 1375 3349 Mi.
1404 3309 1449 3350 ex.
1480 3308 1525 3363 gr.

377 3395 524 3456 danm'oe
566 3392 755 3471 deqnn‘mue
796 3409 859 3452 son
901 3391 954 3469 (gi.
992 3392 1131 3454 melioris
1164 3392 1266 3470 vitae);
1303 3397 1402 3454 66666
1435 3394 1527 3455 detta

378 3501 494 3562 maiiiv
521 3500 608 3561 6666
632 3503 663 3560 66
695 3499 736 3560 cd
764 3504 894 3560 666666
926 3499 1088 3577 [6666666
1115 3499 1292 3578 66966666
1320 3501 1401 3561 ceola
1426 3502 1528 3562 66666

379 3627 397 3687 7
424 3609 553 3670 denum
582 3609 663 3669 6666
692 3607 862 3686 deputatu
887 3607 940 3688 (gi.
969 3623 1068 3687 neque
1094 3607 1178 3670 enim
1202 3609 1335 3686 perfecta
1360 3607 1461 3672 uirtus
1482 3613 1528 3671 cst

378 3719 502 3780 tautum
527 3715 612 3778 uitiis
638 3731 700 3776 non
731 3713 828 3776 indari
865 3714 886 3775 i.
922 3730 949 3775 6.
985 3714 1011 3776 si
1046 3731 1110 3776 non
1137 3713 1208 3776 iacit
1244 3714 1371 3793 honum,
1401 3715 1454 3777 sed
1481 3719 1528 3777 est

380 3820 441 3884 ista
467 3819 569 3882 virius
594 3817 727 3898 perfecta
755 3819 853 3882 vitare
879 3834 969 3880 omne
997 3817 1114 3880 malum
1136 3823 1165 3881 ci
1186 3817 1284 3881 iacere
1304 3834 1394 3881 omne
1414 3818 1527 3880 bonum

380 3920 490 4003 opus).
532 3955 573 3968 -
614 3920 716 4000 pnite
743 3921 995 4004 (quaefaciunt)‚
1026 3929 1121 3988 iorma
1149 3931 1271 3988 relativa
1296 3933 1313 3987 3
1341 3945 1420 4002 pers.
1450 3931 1528 4001 plur.

380 4049 467 4107 praes.
494 4036 577 4094 verbi
609 4026 697 4108 putu
726 4040 754 4094 Ζ.
784 4039 847 4100 657.
883 4063 925 4076 -
962 4029 1102 4091 retecto
1141 4028 1306 4107 sobatlvis
1345 4026 1529 4108 (antequam

383 4137 512 4202 subeant
547 4136 752 4218 baptismum,
790 4144 826 4201 ad
849 4145 906 4202 iitt.
942 4137 1014 4198 ante
1046 4137 1174 4198 itionem
1212 4135 1271 4199 sub
1307 4135 1526 4218 baptismum).

382 4260 419 4304 re
446 4242 539 4324 (ante,
556 4261 619 4305 ren
648 4265 737 4324 quum
766 4251 909 4322 precedit
927 4251 1064 4322 vocales),
1080 4265 1172 4323 praep.
1189 4265 1256 4309 oum
1282 4251 1390 4310 dativo.
1418 4243 1527 4320 66666,
