3580 5586
835 393 1027 460 TEXTUS

772 583 845 626 111.
873 565 934 628 ΙΙΙ.
964 585 1037 630 111.
1065 569 1089 630 1.

359 711 410 773 Sic
436 716 466 773 ct
493 713 599 792 ioseph
629 713 734 777 relicto
759 715 852 793 pallio
877 715 982 781 nudus
1004 720 1042 782 de
1067 738 1118 783 ma

358 818 450 880 nibus
477 817 628 898 inpudice
656 821 813 883 domina¹
843 823 973 902 effugit..
1006 827 1060 905 qui
1091 829 1160 890 uult
1265 861 1269 869 ·

359 924 482 1004 cingere
508 943 620 1006 manus
648 928 825 1007 iniquorum
855 930 1033 1010 relinquens

359 1036 462 1094 mente
481 1050 549 1113 qua
572 1036 682 1098 mundi
706 1042 780 1099 sunt
801 1039 900 1126 fugiat
921 1044 991 1119 post
1016 1042 1137 1106 ihesum
1153 1043 1191 1106 2..
1219 1051 1249 1108 et
1269 1055 1481 1112 conuenerunt

360 1137 530 1198 sacerdotes
559 1141 588 1198 et
616 1139 745 1200 scriba..
774 1139 862 1203 Tunc
884 1143 918 1202 nt
944 1149 1138 1225 congregatio

360 1243 546 1304 taurorum3
574 1245 605 1305 in
633 1244 764 1308 11111111
790 1249 996 1326 populorum..
1026 1256 1132 1331 petrus

359 1348 493 1428 alonge
520 1351 715 1430 sequebatur.
743 1354 794 1414 uir
821 1355 932 1433 duplex
959 1357 1062 1420 animo
1087 1361 1177 1423 incon

361 1456 445 1514 stans
475 1459 522 1517 est
549 1457 581 1516 in
608 1457 751 1520 omnibus
780 1461 841 1522 uiis
868 1460 961 1522 timor
987 1465 1162 1527 retrachit5

360 1560 481 1623 caritas.
510 1563 677 1624 1111111111..
709 1565 741 1627 in
766 1567 843 1627 atrio
870 1582 942 1628 eum
967 1569 1136 1634 ministeris

360 1664 494 1726 calefecit
521 1667 554 1728 st
580 1669 618 1730 ad
643 1671 758 1748 ignem.
789 1671 904 1731 atrium
933 1673 1099 1736 sacerdotis

361 1774 517 1836 secularis
541 1777 688 1839 circuitus
716 1780 784 1838 cst..
817 1777 953 1840 ministri
979 1781 1122 1844 demonia

362 1882 459 1938 sunt..
487 1880 569 1958 ignis
594 1881 716 1944 carnale
744 1883 968 1944 dessidcrium..
1001 1903 1072 1948 cum
1100 1889 1214 1968 quibus
1239 1889 1292 1970 qui

362 1984 467 2042 manet
491 1984 563 2044 ilcre
587 1989 710 2063 peecata
734 2003 797 2046 non
823 1991 945 2066 potest..
978 1993 1091 2053 summi
1118 2008 1205 2056 sacer

361 2093 447 2154 dotes
475 2091 651 2172 querebant.
680 2095 793 2158 falsum
821 2097 1033 2160 testimonium
1063 2101 1102 2162 ad

363 2211 472 2259 uersus
502 2199 633 2260 ihesum.
656 2202 783 2262 mentita
809 2201 881 2264 esti
906 2203 1054 2282 iniquitas
1079 2206 1136 2269 sihi
1160 2210 1195 2268 ut

363 2301 471 2382 regina
499 2305 652 2366 aduersus
679 2305 785 2385 ioseph
812 2312 842 2368 et
870 2309 1041 2372 sacerdotes

361 2409 512 2471 aduersus
536 2427 746 2474 sussannam..
777 2415 828 2475 sed
857 2414 941 2494 ignis
968 2416 1038 2478 sine
1064 2417 1191 2478 materia

362 2520 495 2582 deiecit..
522 2527 552 2583 et
577 2526 791 2586 conuenientia
822 2527 999 2588 testimonia
1027 2545 1090 2590 non
1115 2532 1204 2589 erant

363 2630 445 2706 quod
474 2633 614 2693 uariatur
641 2632 793 2692 incertum
817 2632 970 2694 habetur..
1001 2636 1126 2713 quidam
1150 2635 1217 2697 dice

363 2735 436 2796 bant
462 2735 640 2798 audiuimus
667 2737 750 2798 hunc
775 2737 938 2800 dicentem.
965 2756 1020 2818 ego
1048 2740 1155 2802 desolu

363 2856 413 2899 am
439 2841 590 2918 templum
616 2843 696 2903 hoc..
728 2844 825 2905 moris
852 2847 898 2906 esi
925 2843 1132 2908 hereticorum
1155 2863 1208 2905 um

363 2944 451 3004 hram
478 2945 516 3006 de
538 2947 669 3008 ueritate
693 2947 855 3010 trachere..
882 2965 944 3010 non
976 2947 1036 3010 id8
1063 2948 1215 3009 illedixit

363 3052 445 3130 quod
476 3051 522 3112 illi
553 3053 659 3115 dicunt
684 3054 738 3115 sed
764 3055 864 3115 simile
892 3054 1021 3116 uerbum
1049 3055 1086 3115 de
1110 3054 1224 3132 templo
1250 3067 1303 3114 cor

363 3158 448 3237 poris
473 3160 522 3220 sui
551 3161 633 3238 quod
661 3166 730 3239 post
755 3162 895 3223 triduum
919 3162 1138 3222 resuscitauit..
1165 3177 1201 3222 ex

365 3279 498 3342 surgens
524 3279 666 3326 summus
692 3265 834 3328 sacerdos
863 3265 1030 3342 interrogat

365 3365 510 3428 ihesum..
538 3369 656 3429 tacebat
678 3369 803 3432 hautem
830 3369 905 3430 ilie..
932 3370 983 3432 hie
1009 3374 1043 3430 ut
1073 3369 1142 3430 ouis
1169 3368 1209 3430 ad
1236 3366 1317 3428 oecis

365 3469 466 3531 ionem
493 3470 640 3533 ducitur..
672 3475 741 3534 sine
765 3490 840 3535 uoce
862 3473 1012 3535 obmotuit
1040 3477 1070 3537 et
1097 3472 1184 3534 siluit

364 3579 494 3642 abonis
510 3579 548 3640 9..
578 3581 773 3644 taciturnitas
799 3582 907 3644 christi
934 3579 1150 3660 apologiarum
1176 3580 1239 3641 adae
1298 3621 1303 3629 -

364 3690 520 3752 absoluit..
551 3695 580 3752 11
604 3691 682 3752 dixit
711 3690 796 3751 citu
821 3708 854 3752 es
881 3690 1018 3752 christus
1044 3689 1128 3751 iilius
1157 3689 1205 3750 dei
1235 3688 1314 3749 bene

272 3791 286 3816 “
366 3799 448 3860 dicti.
475 3815 567 3878 quem
582 3798 607 3848 ¹¹
637 3799 854 3876 exspectabant
877 3798 915 3860 de
944 3797 1044 3877 longe.
1074 3797 1106 3857 in
1131 3811 1225 3874 prope
1255 3809 1319 3855 non

366 3907 497 3968 uident..
524 3908 606 3969 sicut
628 3904 692 3970 isac
720 3905 964 3985 caligenantihus
981 3905 1009 3955 ¹2
1034 3905 1132 3967 oculis
1159 3905 1190 3964 ia

365 4010 421 4072 coh
446 4011 504 4074 suh
531 4010 675 4073 manibus
702 4027 766 4072 non
793 4011 933 4088 agnoscit
948 4008 976 4058 13
1002 4011 1057 4072 111
1085 4010 1174 4088 longe
1201 4009 1239 4071 dc
1268 4024 1303 4068 eo
1327 4005 1360 4068 iu

366 4117 479 4179 1111111
500 4119 594 4181 canit.
620 4119 726 4179 ihesus
747 4117 872 4177 hautem
894 4117 972 4179 dixit
992 4116 1038 4178 illi
1063 4133 1119 4195 ego
1146 4132 1216 4177 sum
1244 4117 1280 4175 ut
1305 4129 1367 4174 non
1391 4127 1518 4173 excussa

365 4225 443 4288 biles
470 4226 555 4288 sint..
588 4229 618 4288 11
646 4225 790 4288 uidebitis
818 4223 919 4285 tilium
941 4224 1087 4286 hominis.
1116 4222 1257 4284 sacerdos

366 4329 533 4410 interrogat
560 4332 659 4393 fllium
683 4331 742 4392 dei.
771 4331 880 4392 ihesus
902 4331 1027 4393 hautem
1053 4329 1208 4407 respondit
1236 4329 1335 4390 fllium

366 4439 526 4502 hominis..
555 4444 590 4502 ut
616 4440 677 4501 hiic
705 4439 920 4520 intellegamus
944 4438 1044 4500 tilium
1070 4437 1119 4499 dci
1147 4437 1227 4499 idem
1253 4453 1321 4498 esse

367 4547 397 4604 et
423 4544 522 4605 titium
547 4544 706 4608 hominis..
737 4547 773 4605 ut
799 4561 839 4605 nc
867 4544 1107 4624 quaternitatem
1123 4541 1151 4592 15
1178 4541 1237 4602 iaci

366 4667 456 4712 amus
483 4653 517 4712 in
544 4653 687 4714 trenitatc
714 4651 767 4713 sed
793 4651 886 4711 homo
914 4649 946 4710 in
977 4649 1034 4711 deo
1060 4650 1090 4707 11
1111 4647 1187 4709 deus
1210 4647 1244 4707 in

367 4757 491 4818 homine
513 4758 553 4820 sit
577 4774 738 4820 necesse...
770 4756 795 4818 A
822 4755 956 4818 dexteris
982 4753 1140 4816 sedentem
1240 4768 1243 4773 ·

369 4859 495 4922 uirtutis
520 4860 551 4921 id
576 4863 623 4921 est
648 4861 680 4921 in
711 4861 777 4921 uita
806 4861 985 4938 regnantem
1010 4857 1197 4935 sempiterna

368 4971 485 5034 uirtute
508 4971 639 5035 diuina..
667 4974 697 5034 et
724 4971 900 5034 uenientem
925 4970 957 5031 in
985 4968 1118 5032 nubibus
1147 4967 1211 5030 eaeli
