3580 5586
664 477 734 519 rue.
758 455 800 517 ll.
825 471 896 516 eou.
920 453 963 515 ll.
1348 461 1386 518 39

238 606 405 674 desumpti,
452 604 509 660 uisi
559 601 636 657 torte
681 599 837 670 legendum
884 604 1006 666 sponso.
1059 587 1105 630 ’-
1157 589 1194 645 in
1245 585 1387 650 diomsa

238 700 436 782 (superbie,
503 695 701 777 vanitatis),
756 718 822 774 gen.
879 703 952 771 sing.
1004 701 1178 756 substantivi
1227 691 1385 754 dioneos.
1477 694 1479 698 '

238 819 341 872 Forma
391 814 534 884 regularis
582 813 702 882 genitivi
752 811 824 880 slug.
876 815 922 865 est
972 799 1180 876 dinmosso;
1230 811 1282 866 sed
1317 811 1385 875 hle,

239 927 274 977 ut
311 935 390 992 saepe
424 922 454 976 lu
485 919 551 976 cod.
586 921 683 984 Taum,
721 918 753 973 m
789 918 953 973 contractio
989 921 1111 986 propter
1146 917 1386 986 ponderationem

241 1029 391 1081 accentus.
419 1022 558 1081 Occurrit
585 1023 648 1078 baec
667 1035 722 1078 vox
749 1021 825 1090 apud
851 1020 965 1086 stokes,
994 1021 1032 1076 lr.
1053 1019 1092 1088 gl.
1112 1033 1142 1088 p.
1162 1019 1226 1074 119.
1251 1018 1390 1075 Oriture

241 1121 385 1182 dromus
421 1127 598 1199 adjectivum
634 1115 865 1178 diumussocb
891 1110 1098 1196 (superbus),
1126 1135 1204 1190 saepe
1231 1119 1348 1175 obvium
1380 1138 1388 1175 ι

242 1229 521 1304 isdiommussop
559 1241 577 1300 7
623 1221 819 1300 isaosc‘sstd
855 1218 915 1302 (gl.
954 1218 1108 1300 superbus
1149 1217 1228 1280 nihil
1268 1215 1390 1300 sciens)

241 1345 384 1410 z.1o51;
428 1329 855 1394 uectamrudaroauursc
888 1327 926 1405 so
958 1323 1252 1385 cnomtururasto
1278 1326 1391 1385 innare

242 1441 509 1508 diummosscclr
550 1437 608 1519 (gl.
644 1454 707 1500 non
734 1437 885 1500 subiecier
917 1433 1045 1514 pedibus
1071 1431 1274 1512 superborum
1310 1431 1331 1492 i.
1361 1446 1389 1493 e.

243 1545 477 1612 incursionibus
505 1538 724 1622 superborum)
753 1547 803 1604 Ml.
841 1548 903 1602 118.
933 1547 978 1601 Fit
1011 1550 1042 1602 et
1068 1545 1190 1600 verbum
1219 1543 1391 1600 denomine-

243 1665 335 1720 tivum
365 1680 373 1717 ι
400 1648 822 1723 nonoodiummosoiptis
852 1642 905 1725 (gl.
934 1643 1017 1724 apud
1055 1639 1278 1722 superbientes)
1307 1649 1389 1706 Gold.

244 1771 290 1824 28.
317 1791 358 1805 -·
394 1761 508 1817 innan
545 1749 723 1832 drocbpni
762 1749 1024 1833 (malefactorum,
1056 1749 1208 1811 melorum
1235 1744 1388 1828 operum).

245 1857 422 1938 droclqot
460 1873 506 1924 est
548 1867 739 1936 compositum
783 1864 840 1936 adj.
882 1853 992 1916 droclu
1032 1848 1182 1934 (melus)
1227 1862 1258 1914 et
1297 1854 1391 1911 subst.

245 1970 307 2050 pot
333 1969 450 2053 (opera,
478 1968 605 2046 factum,
633 1964 742 2048 actio),
772 1976 801 2030 ln
833 1973 889 2030 hec
914 1973 1009 2028 tormt
1032 1971 1150 2028 aliunde
1170 1969 1241 2024 mihi
1262 1966 1393 2035 incogni-

246 2089 287 2139 to.
327 2085 427 2138 Forma
462 2082 540 2137 enlm
577 2074 726 2134 ordinarie
751 2083 796 2132 est
823 2067 919 2148 quim
946 2080 976 2132 ln
1007 2090 1086 2132 nom.
1116 2075 1190 2143 sing.
1218 2077 1249 2128 et
1273 2059 1394 2142 potue

236 2189 282 2262 ¹ln
306 2201 370 2256 gen.
397 2186 436 2256 pl·
467 2187 495 2240 Z.
527 2185 591 2239 256.
624 2185 689 2240 826.
716 2173 993 2234 -orlcondoirc
1021 2169 1137 2253 (vidit),
1165 2182 1182 2234 3
1211 2192 1279 2248 pers
1316 2179 1392 2247 sing.

247 2299 333 2364 praet.
361 2294 443 2350 verbi
476 2307 572 2362 comp.
602 2293 713 2361 duplici
742 2305 834 2360 preep.
867 2283 997 2345 orl-con
1024 2295 1056 2347 et
1090 2290 1153 2346 red.
1190 2289 1264 2358 orig.
1305 2288 1395 2344 DARK

247 2387 376 2470 (videre,
406 2386 606 2470 conspicere),
636 2409 730 2452 senso·
760 2386 827 2470 dre,
856 2409 900 2465 gr.
927 2405 1053 2471 δέρκομαι,
1077 2397 1209 2452 consone
1236 2404 1252 2446 c
1276 2407 1395 2466 praepo-

248 2506 363 2562 sitionis
391 2513 454 2556 ooo
480 2505 528 2558 hic
564 2503 673 2558 iniecta
700 2516 759 2558 nou
795 2507 841 2556 est
860 2503 898 2560 ob
924 2503 1064 2559 latentem
1092 2502 1274 2557 relationem.

289 2610 338 2668 lt.
383 2605 479 2664 umal
510 2603 668 2682 foraitbi
700 2605 756 2661 iot
787 2619 903 2668 ,sorra
946 2603 1044 2662 tboll
1077 2605 1184 2662 toton
1217 2597 1396 2661 asrobrod

248 2711 321 2788 frte
374 2709 562 2770 rendered
616 2726 713 2768 mccc
760 2705 864 2788 <sicut
912 2708 1040 2770 subrisit
1082 2704 1158 2768 Sara
1194 2703 1256 2768 illie
1297 2720 1395 2783 quum

250 2815 366 2877 dicium
407 2817 454 2878 est
493 2815 521 2875 ei
560 2815 642 2894 quod
684 2813 778 2875 ferret
815 2814 912 2874 lilium
941 2846 985 2900 ''.
1022 2811 1179 2891 foroitbc‘
1221 2805 1394 2890 (subrisit),

250 2933 361 3000 opem.
380 2929 455 2998 sing.
470 2933 556 2998 praet.
571 2926 652 2983 verbi
682 2918 776 2980 tibin
803 2915 922 2999 (rideo)
941 2925 1024 2998 praei.
1044 2919 1092 2995 so,
1119 2925 1396 2996 Decomponendum

250 3027 463 3106 scr-odibi
491 3023 796 3107 (fo-ro-on-tibi),
830 3037 963 3104 regressa
981 3033 1075 3089 vocali
1095 3033 1216 3088 rediceli
1235 3030 1272 3088 ob
1292 3044 1397 3087 eccen-

252 3146 334 3208 tum,
363 3147 397 3198 ut
421 3131 581 3210 foirctte
612 3153 665 3210 pro
693 3128 886 3208 *fornillum
921 3129 1082 3207 soirbtbe
1117 3150 1171 3208 pro
1198 3127 1393 3206 *sorbitium

252 3239 413 3314 soirtbc'o
441 3259 495 3316 pro
519 3235 707 3314 *sortitio
724 3253 779 3312 ro,
797 3257 851 3314 pro
868 3253 988 3312 ro-on,
1007 3249 1052 3299 est
1066 3243 1210 3313 particula
1224 3247 1310 3314 praet.
1330 3254 1397 3297 cum

212 3401 223 3425 ,
253 3355 397 3410 relatione
424 3347 513 3408 lnfixt
542 3352 580 3409 ob
608 3353 824 3423 precedentem
855 3353 1091 3423 conjunctionem
1111 3353 1162 3423 (1).
1192 3352 1280 3409 Radix
1308 3351 1399 3419 origi-

253 3461 336 3514 naria
364 3461 481 3516 videtur
511 3463 616 3514 nutare
641 3460 719 3514 inter
746 3458 854 3512 lomnes
881 3457 938 3512 Tlv
964 3463 995 3511 et
1022 3457 1090 3522 DlV;
1119 3468 1174 3511 vox
1201 3454 1280 3510 euim
1302 3451 1399 3508 hiber-

253 3566 319 3620 nica
347 3565 486 3634 priorem,
515 3577 570 3620 vox
597 3563 687 3618 letina
720 3557 827 3632 jocos
869 3576 923 3632 pro
965 3553 1140 3628 *diu-cos,
1188 3550 1395 3625 *div-i-cos,

254 3665 376 3722 alteram
414 3682 451 3722 ex
481 3667 564 3723 hisce
596 3667 698 3723 formis
729 3667 878 3737 supponit.
916 3668 949 3722 ln
987 3666 1085 3734 lingue
1119 3663 1264 3720 sanserlte
1301 3661 1401 3732 plures

254 3770 357 3826 ior-mee
393 3773 536 3827 radicales
573 3777 736 3827 occurrunt
780 3763 841 3824 dio
878 3764 958 3840 deo,
1000 3761 1088 3824 dliv
1129 3760 1242 3822 ritino
1270 3771 1300 3822 et
1344 3765 1401 3818 teo
1484 3781 1486 3788 ·

254 3865 395 3948 (ludere,
426 3865 624 3950 exhilarare).
654 3877 786 3936 Pertinet
810 3877 869 3933 huc
896 3877 1021 3933 fortasse
1048 3889 1093 3944 gr.
1121 3875 1225 3932 cestro
1252 3863 1396 3946 (irrideo,

256 3996 309 4052 pro
336 3985 490 4053 eeu-e-ero)
516 3984 546 4038 tn
574 3984 668 4040 torma
694 3982 887 4053 'reduplicatb
915 3983 956 4039 cf.
985 3973 1079 4036 titio
1100 3970 1227 4053 (rideo)
1257 3981 1331 4038 Belt.
1351 3979 1399 4033 lll.

293 4217 332 4277 (1)
350 4213 441 4269 Aliter
458 4213 534 4270 benc
554 4226 654 4270 vocem
674 4212 861 4282 decompouit
875 4212 960 4278 libel,
975 4225 1100 4281 nempe:
1119 4208 1401 4283 [ceo-uiuendi,

258 4303 331 4357 Beit.
347 4303 378 4355 v.
394 4302 457 4361 odo.
