3580 5586
684 421 821 486 91911.
845 441 917 486 con.
941 425 965 487 Ι.
1362 434 1397 494 ei

253 549 317 631 hic)
354 553 428 626 ⁴283
468 547 536 610 esst
567 551 658 612 99999
685 553 812 631 quibes
844 559 1098 617 intestimioso
1124 555 1187 639 (est
1212 557 1263 620 hic
1289 575 1403 624 sensus

253 659 334 738 quod
366 657 501 720 continet
535 661 636 722 textus
669 660 735 743 hic)
769 670 838 726 209.
877 697 918 710 -
946 665 1142 726 docueram
1167 663 1251 745 (quae
1277 667 1403 744 protulit

253 758 344 841 ipse),
363 770 589 839 disJungendum
616 763 891 828 99-9-99-9999.
925 787 946 828 9
974 785 1019 834 est
1039 791 1201 848 pronomen
1238 778 1323 834 relat.
1353 781 1402 836 in-

253 875 353 932 fixum.
382 885 456 928 9999
483 881 529 932 est
562 891 648 948 pron.
681 878 759 934 dem.
799 881 877 950 quod
913 881 984 937 alias
1017 883 1158 939 scribitur
1188 892 1278 953 som,
1306 894 1397 956 scm,

253 984 366 1038 mutata
410 983 447 1038 ob
482 983 679 1038 assonantiam
714 983 823 1052 vocali;
863 1000 891 1041 v.
926 987 965 1055 gi.
1002 989 1025 1043 1.
1058 989 1080 1044 l.
1108 991 1136 1044 9.
1165 980 1277 1040 do-cc
1311 992 1401 1048 este

253 1100 332 1156 pers.
361 1088 437 1157 sing.
465 1091 550 1158 praet.
579 1087 662 1144 verbi
689 1079 848 1142 ato-cccc
880 1091 917 1147 da
950 1107 1008 1163 quo
1037 1107 1126 1164 supra
1158 1095 1269 1153 dictum
1298 1101 1344 1153 est
1370 1098 1402 1154 in

253 1195 292 1265 gi.
322 1195 392 1251 1.1.
422 1195 585 1250 19991.
622 1187 721 1248 amal
760 1188 898 1251 doccia
936 1196 1103 1254 testimon·
1137 1193 1239 1277 (sicut
1278 1196 1405 1276 protulit

253 1292 443 1375 testimonia)
471 1298 546 1371 97ος
575 1294 775 1356 9999999999
808 1296 1031 1360 9999999999
1067 1297 1164 1380 (sunt
1195 1305 1291 1366 testes
1326 1319 1405 1384 quos

252 1395 380 1478 protuli)
408 1407 489 1473 10519
514 1406 586 1462 Ebel
609 1408 681 1463 Bait.
713 1409 744 1462 v.
770 1410 814 1464 93.
844 1407 1047 1470 919-99999
1073 1401 1204 1486 (antea),
1232 1415 1404 1473 adverbium

254 1511 397 1582 temporis
426 1511 589 1568 derivatum
614 1525 632 1567 a
655 1526 746 1584 praep.
774 1523 853 1582 999,
886 1517 913 1570 Ζ.
932 1517 994 1572 568.
1009 1509 1098 1570 -do
1123 1511 1400 1592 imtltrcrattpttd,

254 1617 315 1674 dat.
335 1617 410 1686 sing.
435 1631 525 1674 maso.
545 1619 719 1675 substantivi
747 1611 1017 1691 99999999999
1041 1612 1259 1698 (confirmatio)
1281 1625 1405 1686 derivati

255 1722 292 1778 ab
325 1722 383 1794 adj.
415 1713 498 1775 9999
524 1711 655 1796 (tortis)
681 1726 709 1780 z.
725 1725 769 1779 99.
793 1727 838 1780 aa.
856 1728 917 1780 199.
939 1727 1001 1781 995.
1019 1727 1192 1794 coemeter
1217 1729 1339 1786 99190.
1358 1730 1404 1799 39

255 1839 295 1894 91.
313 1829 542 1910 9999999999
556 1828 698 1914 (mando)
712 1845 739 1898 z.
755 1843 818 1903 031.
835 1844 992 1904 8991037.
1008 1867 1049 1880 --
1060 1853 1101 1896 aa
1126 1835 1191 1896 999
1211 1835 1407 1914 serariani

255 1938 306 2020 (cx
334 1944 438 2001 vetere
463 1939 671 2022 testamento).
695 1960 733 2002 cs
761 1939 838 2022 (ex),
864 1964 955 2020 praep.
983 1964 1088 2020 regens
1114 1951 1254 2008 dativum.
1283 1944 1405 2022 fetar-

257 2048 348 2108 99999
375 2057 435 2112 det.
464 2056 538 2126 sing.
572 2057 748 2113 substantivi
776 2058 843 2114 sem.
874 2051 1066 2127 saturitas,
1097 2061 1126 2114 Ζ.
1156 2061 1218 2116 957.
1248 2060 1311 2116 339.
1341 2062 1404 2123 dtu.

256 2171 351 2213 -as
383 2156 527 2214 999999
552 2151 634 2235 (esse
661 2154 753 2232 idam,
782 2163 819 2218 ad
845 2162 902 2219 litt.
934 2156 1016 2235 quod
1048 2159 1096 2219 est
1122 2153 1229 2236 idem).
1258 2175 1297 2217 cs
1317 2155 1405 2239 (est),

257 2269 374 2339 dpers.
406 2269 480 2338 sing.
509 2268 570 2325 ind.
598 2283 684 2340 praes.
715 2271 746 2324 in
771 2269 866 2326 forma
894 2269 1079 2342 dependente
1107 2270 1188 2330 verbi
1214 2272 1405 2344 substantivi,

257 2379 284 2433 z.
312 2379 375 2438 076.
408 2373 570 2432 9-99999
599 2368 721 2454 (idem).
755 2387 777 2432 9
813 2380 928 2450 signum
966 2381 1126 2439 relationis.
1159 2361 1279 2435 99999
1319 2397 1404 2454 pron.

258 2481 334 2538 dem.
356 2485 385 2538 Z.
408 2484 470 2538 358.

299 2587 327 2643 9.
363 2583 422 2640 999
455 2583 487 2642 99
520 2581 557 2641 99
582 2581 712 2643 990999
745 2585 977 2644 9999999999
1015 2584 1094 2646 side
1127 2584 1285 2646 99999999.
1321 2603 1339 2665 7
1373 2592 1408 2651 is

259 2689 355 2769 gratia
386 2688 1050 2754 991999999999999191199919199999
1083 2691 1169 2775 (nam
1200 2695 1237 2758 de
1268 2695 1408 2762 iohanne

258 2795 365 2873 incipit
404 2795 463 2858 isia
502 2799 637 2860 narratio
674 2803 703 2860 ct
737 2808 831 2877 gratia
855 2808 908 2863 Dei
942 2799 1164 2879 interpretatur
1202 2801 1260 2865 hoc
1304 2803 1408 2882 ipsum

258 2910 428 2980 iohannes).
455 2911 498 2966 Ad
524 2911 581 2968 litt.
609 2921 681 2966 narn
707 2909 754 2966 est
779 2903 816 2965 de
845 2901 988 2966 iohanne
1014 2905 1097 2986 quod
1129 2906 1250 2986 incipit,
1280 2921 1340 2973 etc.
1367 2942 1408 2956 -

259 3011 473 3069 9991999999
500 3007 643 3090 (incipit),
673 3021 790 3089 dpers.
822 3019 896 3088 sing.
925 3018 986 3076 ind.
1021 3033 1106 3088 praes.
1134 3025 1192 3076 999.
1210 3019 1301 3078 -verbi
1329 3035 1409 3079 com-

259 3123 348 3192 positi
383 3122 495 3192 triplici
526 3135 618 3194 praep.
651 3115 860 3176 99-99-999
897 3126 928 3178 99
966 3122 1027 3178 rad.
1061 3123 1123 3179 bib.
1156 3133 1251 3177 9999.
1282 3128 1311 3182 Ζ.
1344 3127 1406 3184 903.

260 3228 322 3282 978.
351 3228 414 3283 350.
444 3229 505 3284 590.
534 3227 595 3284 730.
625 3230 687 3288 899.
715 3230 809 3284 8568.
839 3229 919 3284 1068.
949 3227 989 3283 cf.
1020 3227 1099 3284 inira
1118 3229 1155 3298 gl.
1182 3230 1217 3286 ΙΙ.
1244 3231 1266 3286 1.
1298 3235 1407 3288 17.19.

259 3333 393 3388 Fortasse
423 3333 484 3389 rad.
515 3331 575 3388 hib.
608 3343 700 3386 99999
730 3340 795 3390 orta
814 3340 860 3390 est
881 3347 934 3404 per
953 3335 1049 3389 assim.
1072 3349 1089 3388 9
1111 3327 1223 3388 seond
1254 3341 1285 3393 et
1305 3337 1410 3394 nititur

261 3434 409 3491 radicibus
433 3447 544 3494 sanscr.
570 3441 600 3493 et
624 3438 674 3494 lat.
701 3431 814 3508 skand,
839 3431 944 3493 scand.
967 3463 1008 3475 -
1028 3435 1231 3492 9999999999
1251 3427 1407 3512 (vertitur,

261 3535 479 3614 interpretatur
515 3545 546 3599 in
581 3559 668 3600 sensu
704 3543 806 3618 pass),
840 3546 858 3601 3
891 3559 968 3614 pers.
1003 3545 1078 3615 sing.
1120 3545 1181 3602 ind.
1211 3559 1297 3616 praes.
1332 3559 1408 3616 pass.

260 3652 344 3708 verbi
373 3652 527 3722 compositi
554 3665 645 3723 praep.
675 3649 756 3705 9999
780 3656 811 3708 99
838 3654 936 3709 radice
969 3653 1055 3710 obvia
1082 3655 1112 3710 in
1141 3653 1275 3724 pluribus
1308 3655 1410 3710 formis

262 3757 447 3814 hibernicis:
475 3755 611 3809 cocart
639 3747 797 3830 (corrige),
826 3755 974 3812 9999999
994 3749 1263 3834 (emendandum),
1286 3755 1411 3814 999999-

262 3861 398 3934 999999,
426 3870 484 3922 etc.
520 3869 547 3921 Z.
580 3868 648 3922 XIV.
682 3866 763 3923 Stoi.
794 3869 831 3923 ir.
859 3867 897 3936 gl.
927 3883 955 3938 p.
984 3871 1048 3926 106.
1080 3889 1121 3905 —-
1144 3877 1190 3920 99
1218 3873 1274 3924 art.
1299 3872 1409 3936 neutra

264 3957 377 4020 99-999
403 3968 510 4039 duplex
522 3983 607 4039 pron.
628 3971 899 4028 demonstrativum.
926 3974 1050 4030 Notetur
1064 3987 1171 4029 nomen
1193 3971 1338 4028 informa
1358 3970 1408 4026 199.

208 4055 212 4066 ’
262 4063 418 4130 iohannes
460 4076 646 4132 intercedens
685 4077 764 4132 inter
808 4077 964 4134 articulum
1004 4084 1141 4134 neutrum
1179 4081 1210 4134 et
1249 4089 1411 4147 pronomen

264 4182 394 4254 ejusdem
421 4184 546 4252 generis,
575 4197 641 4254 quae
674 4185 857 4241 constructio
886 4185 957 4242 satis
981 4185 1121 4256 frequens
1151 4190 1198 4243 ast
1231 4186 1262 4241 in
1291 4185 1412 4243 vetustis

265 4283 417 4340 codicibus
443 4283 612 4341 hibernicis.
