<?xml version="1.0" encoding="UTF-8"?>
<!DOCTYPE html PUBLIC "-//W3C//DTD XHTML 1.0 Transitional//EN"
    "http://www.w3.org/TR/xhtml1/DTD/xhtml1-transitional.dtd">
<html xmlns="http://www.w3.org/1999/xhtml" xml:lang="en" lang="en">
 <head>
  <title>
</title>
<meta http-equiv="Content-Type" content="text/html;charset=utf-8" />
  <meta name='ocr-system' content='tesseract 3.04.00' />
  <meta name='ocr-capabilities' content='ocr_page ocr_carea ocr_par ocr_line ocrx_word'/>
</head>
<body>
  <div class='ocr_page' id='page_1' title='image "./glossaehibernic00nigrgoog_0040.png"; bbox 0 0 3580 5586; ppageno 0'>
   <div class='ocr_carea' id='block_1_1' title="bbox 882 438 1075 505">
    <p class='ocr_par' dir='ltr' id='par_1_1' title="bbox 882 438 1075 505">
     <span class='ocr_line' id='line_1_1' title="bbox 882 438 1075 505; baseline 0 -1"><span class='ocrx_word' id='word_1_1' title='bbox 882 438 1075 505; x_wconf 83' lang='lat' dir='ltr'>TEXTUS</span> 
     </span>
    </p>
   </div>
   <div class='ocr_carea' id='block_1_2' title="bbox 847 614 1111 677">
    <p class='ocr_par' dir='ltr' id='par_1_2' title="bbox 847 614 1111 677">
     <span class='ocr_line' id='line_1_2' title="bbox 847 614 1111 677; baseline -0.004 -1"><span class='ocrx_word' id='word_1_2' title='bbox 847 633 919 677; x_wconf 78' lang='lat' dir='ltr'><strong>rao.</strong></span> <span class='ocrx_word' id='word_1_3' title='bbox 943 614 967 676; x_wconf 95' lang='grc' dir='ltr'><strong>Ι.</strong></span> <span class='ocrx_word' id='word_1_4' title='bbox 992 633 1063 677; x_wconf 78' lang='lat' dir='ltr'><strong>oon.</strong></span> <span class='ocrx_word' id='word_1_5' title='bbox 1087 614 1111 676; x_wconf 92' lang='grc' dir='ltr'><strong>Ι,</strong></span> 
     </span>
    </p>
   </div>
   <div class='ocr_carea' id='block_1_3' title="bbox 404 765 1486 3804">
    <p class='ocr_par' dir='ltr' id='par_1_3' title="bbox 405 765 1025 847">
     <span class='ocr_line' id='line_1_3' title="bbox 405 765 1025 847; baseline 0 -18"><span class='ocrx_word' id='word_1_6' title='bbox 405 771 504 829; x_wconf 86' lang='lat' dir='ltr'><strong>tentes</strong></span> <span class='ocrx_word' id='word_1_7' title='bbox 518 765 654 828; x_wconf 81' lang='lat' dir='ltr'><strong>caritatis</strong></span> <span class='ocrx_word' id='word_1_8' title='bbox 666 765 863 846; x_wconf 87' lang='lat' dir='ltr'><strong>manipulos¹</strong></span> <span class='ocrx_word' id='word_1_9' title='bbox 882 784 952 828; x_wconf 91' lang='lat' dir='ltr'><strong>eum</strong></span> <span class='ocrx_word' id='word_1_10' title='bbox 968 785 1025 847; x_wconf 86' lang='lat' dir='ltr'><strong>gau</strong></span> 
     </span>
    </p>

    <p class='ocr_par' dir='ltr' id='par_1_4' title="bbox 405 873 1119 954">
     <span class='ocr_line' id='line_1_4' title="bbox 405 873 1119 954; baseline 0 -17"><span class='ocrx_word' id='word_1_11' title='bbox 405 875 455 938; x_wconf 94' lang='lat' dir='ltr'><strong>dio</strong></span> <span class='ocrx_word' id='word_1_12' title='bbox 469 879 620 937; x_wconf 89' lang='lat' dir='ltr'><strong>metamus</strong></span> <span class='ocrx_word' id='word_1_13' title='bbox 634 875 668 936; x_wconf 92' lang='lat' dir='ltr'><strong>in</strong></span> <span class='ocrx_word' id='word_1_14' title='bbox 680 874 777 936; x_wconf 86' lang='lat' dir='ltr'><strong>eoelo..</strong></span> <span class='ocrx_word' id='word_1_15' title='bbox 792 873 923 953; x_wconf 79' lang='lat' dir='ltr'>Explicit</span> <span class='ocrx_word' id='word_1_16' title='bbox 936 876 1091 954; x_wconf 83' lang='lat' dir='ltr'>prologus.</span> <span class='ocrx_word' id='word_1_17' title='bbox 1100 922 1119 937; x_wconf 94' lang='lat'><strong>..</strong></span> 
     </span>
    </p>

    <p class='ocr_par' dir='ltr' id='par_1_5' title="bbox 404 975 1104 1058">
     <span class='ocr_line' id='line_1_5' title="bbox 404 975 1104 1058; baseline 0.006 -20"><span class='ocrx_word' id='word_1_18' title='bbox 404 975 534 1040; x_wconf 85' lang='lat' dir='ltr'><strong>Initium</strong></span> <span class='ocrx_word' id='word_1_19' title='bbox 547 977 688 1058; x_wconf 87' lang='lat' dir='ltr'><strong>euangeli</strong></span> <span class='ocrx_word' id='word_1_20' title='bbox 702 979 791 1041; x_wconf 91' lang='lat' dir='ltr'><strong>ihesu</strong></span> <span class='ocrx_word' id='word_1_21' title='bbox 805 979 914 1041; x_wconf 90' lang='lat' dir='ltr'><strong>ehristi</strong></span> <span class='ocrx_word' id='word_1_22' title='bbox 929 979 985 1040; x_wconf 89' lang='lat' dir='ltr'><strong>illii</strong></span> <span class='ocrx_word' id='word_1_23' title='bbox 1003 980 1051 1042; x_wconf 91' lang='lat' dir='ltr'><strong>dei</strong></span> <span class='ocrx_word' id='word_1_24' title='bbox 1066 997 1104 1042; x_wconf 92' lang='lat' dir='ltr'><strong>us</strong></span> 
     </span>
    </p>

    <p class='ocr_par' dir='ltr' id='par_1_6' title="bbox 405 1084 1486 1488">
     <span class='ocr_line' id='line_1_6' title="bbox 405 1084 1263 1166; baseline 0.006 -20"><span class='ocrx_word' id='word_1_25' title='bbox 405 1101 465 1164; x_wconf 90' lang='lat' dir='ltr'><strong>que</strong></span> <span class='ocrx_word' id='word_1_26' title='bbox 480 1084 604 1147; x_wconf 76' lang='lat' dir='ltr'>semitas</span> <span class='ocrx_word' id='word_1_27' title='bbox 618 1084 709 1146; x_wconf 88' lang='lat' dir='ltr'><strong>eius..</strong></span> <span class='ocrx_word' id='word_1_28' title='bbox 726 1085 919 1165; x_wconf 90' lang='lat' dir='ltr'><strong>euangelium</strong></span> <span class='ocrx_word' id='word_1_29' title='bbox 934 1103 1032 1166; x_wconf 86' lang='lat' dir='ltr'><strong>graeee</strong></span> <span class='ocrx_word' id='word_1_30' title='bbox 1043 1087 1157 1150; x_wconf 87' lang='lat' dir='ltr'><strong>dieitur</strong></span> <span class='ocrx_word' id='word_1_31' title='bbox 1170 1089 1263 1150; x_wconf 90' lang='lat' dir='ltr'><strong>latine</strong></span> 
     </span>
     <span class='ocr_line' id='line_1_7' title="bbox 406 1190 1321 1275; baseline 0.004 -23"><span class='ocrx_word' id='word_1_32' title='bbox 406 1191 486 1253; x_wconf 90' lang='lat' dir='ltr'><strong>bona</strong></span> <span class='ocrx_word' id='word_1_33' title='bbox 498 1190 687 1253; x_wconf 82' lang='lat' dir='ltr'><strong>adnomiatio</strong></span> <span class='ocrx_word' id='word_1_34' title='bbox 701 1191 945 1271; x_wconf 88' lang='lat' dir='ltr'><strong>interpretatur..</strong></span> <span class='ocrx_word' id='word_1_35' title='bbox 961 1193 1043 1273; x_wconf 86' lang='lat' dir='ltr'><strong>quod</strong></span> <span class='ocrx_word' id='word_1_36' title='bbox 1056 1195 1180 1273; x_wconf 84' lang='lat' dir='ltr'><strong>proprie</strong></span> <span class='ocrx_word' id='word_1_37' title='bbox 1193 1194 1232 1256; x_wconf 92' lang='lat' dir='ltr'><strong>ad</strong></span> <span class='ocrx_word' id='word_1_38' title='bbox 1246 1211 1321 1275; x_wconf 92' lang='lat' dir='ltr'><strong>regn</strong></span> 
     </span>
     <span class='ocr_line' id='line_1_8' title="bbox 407 1301 1486 1387; baseline 0.005 -23"><span class='ocrx_word' id='word_1_39' title='bbox 407 1319 461 1364; x_wconf 91' lang='lat' dir='ltr'><strong>um</strong></span> <span class='ocrx_word' id='word_1_40' title='bbox 475 1302 524 1364; x_wconf 91' lang='lat' dir='ltr'><strong>dei</strong></span> <span class='ocrx_word' id='word_1_41' title='bbox 538 1301 618 1364; x_wconf 90' lang='lat' dir='ltr'><strong>etad</strong></span> <span class='ocrx_word' id='word_1_42' title='bbox 634 1303 829 1364; x_wconf 87' lang='lat' dir='ltr'><strong>remisionem</strong></span> <span class='ocrx_word' id='word_1_43' title='bbox 843 1306 1037 1380; x_wconf 69' lang='lat' dir='ltr'><strong>pennatorum</strong></span> <span class='ocrx_word' id='word_1_44' title='bbox 1050 1303 1205 1382; x_wconf 80' lang='lat' dir='ltr'><strong>pertinet..</strong></span> <span class='ocrx_word' id='word_1_45' title='bbox 1224 1305 1304 1367; x_wconf 90' lang='lat' dir='ltr'><strong>unde</strong></span> <span class='ocrx_word' id='word_1_46' title='bbox 1320 1305 1433 1368; x_wconf 88' lang='lat' dir='ltr'><strong>dieitur</strong></span> <span class='ocrx_word' id='word_1_47' title='bbox 1448 1326 1486 1387; x_wconf 85' lang='lat' dir='ltr'><strong>pe</strong></span> 
     </span>
     <span class='ocr_line' id='line_1_9' title="bbox 407 1407 1203 1488; baseline 0.004 -20"><span class='ocrx_word' id='word_1_48' title='bbox 407 1407 555 1468; x_wconf 89' lang='lat' dir='ltr'><strong>netemini</strong></span> <span class='ocrx_word' id='word_1_49' title='bbox 570 1410 600 1469; x_wconf 91' lang='lat' dir='ltr'><strong>et</strong></span> <span class='ocrx_word' id='word_1_50' title='bbox 614 1407 729 1470; x_wconf 80' lang='lat' dir='ltr'><strong>credite</strong></span> <span class='ocrx_word' id='word_1_51' title='bbox 744 1407 902 1486; x_wconf 90' lang='lat' dir='ltr'><strong>euangelio</strong></span> <span class='ocrx_word' id='word_1_52' title='bbox 917 1413 947 1470; x_wconf 93' lang='lat' dir='ltr'><strong>et</strong></span> <span class='ocrx_word' id='word_1_53' title='bbox 960 1408 1111 1488; x_wconf 81' lang='lat' dir='ltr'><strong>adpropin</strong></span> <span class='ocrx_word' id='word_1_54' title='bbox 1201 1437 1203 1442; x_wconf 52' lang='lat'><em>2</em></span> 
     </span>
    </p>

    <p class='ocr_par' dir='ltr' id='par_1_7' title="bbox 408 1515 1174 1596">
     <span class='ocr_line' id='line_1_10' title="bbox 408 1515 1174 1596; baseline 0.001 -16"><span class='ocrx_word' id='word_1_55' title='bbox 408 1515 490 1580; x_wconf 77' lang='lat' dir='ltr'><strong>eauit</strong></span> <span class='ocrx_word' id='word_1_56' title='bbox 506 1531 638 1596; x_wconf 90' lang='lat' dir='ltr'><strong>regnum</strong></span> <span class='ocrx_word' id='word_1_57' title='bbox 651 1519 810 1596; x_wconf 82' lang='lat' dir='ltr'><strong>eaelorum3</strong></span> <span class='ocrx_word' id='word_1_58' title='bbox 828 1519 918 1580; x_wconf 89' lang='lat' dir='ltr'><strong>ihesu</strong></span> <span class='ocrx_word' id='word_1_59' title='bbox 933 1517 1041 1580; x_wconf 87' lang='lat' dir='ltr'><strong>ehristi</strong></span> <span class='ocrx_word' id='word_1_60' title='bbox 1056 1519 1174 1581; x_wconf 89' lang='lat' dir='ltr'><strong>saluato</strong></span> 
     </span>
    </p>

    <p class='ocr_par' dir='ltr' id='par_1_8' title="bbox 409 1619 1227 1793">
     <span class='ocr_line' id='line_1_11' title="bbox 409 1619 1227 1702; baseline 0 -19"><span class='ocrx_word' id='word_1_61' title='bbox 409 1622 453 1683; x_wconf 89' lang='lat' dir='ltr'><strong>ris</strong></span> <span class='ocrx_word' id='word_1_62' title='bbox 467 1619 578 1682; x_wconf 88' lang='lat' dir='ltr'><strong>uneti..</strong></span> <span class='ocrx_word' id='word_1_63' title='bbox 594 1621 627 1682; x_wconf 93' lang='lat' dir='ltr'><strong>in</strong></span> <span class='ocrx_word' id='word_1_64' title='bbox 642 1621 732 1685; x_wconf 90' lang='lat' dir='ltr'><strong>ebreo</strong></span> <span class='ocrx_word' id='word_1_65' title='bbox 747 1622 853 1684; x_wconf 89' lang='lat' dir='ltr'><strong>ihesus</strong></span> <span class='ocrx_word' id='word_1_66' title='bbox 867 1623 1015 1685; x_wconf 81' lang='lat' dir='ltr'><strong>missiae..</strong></span> <span class='ocrx_word' id='word_1_67' title='bbox 1030 1623 1044 1667; x_wconf 83' lang='lat'><strong>²</strong></span> <span class='ocrx_word' id='word_1_68' title='bbox 1064 1625 1098 1684; x_wconf 94' lang='lat' dir='ltr'><strong>in</strong></span> <span class='ocrx_word' id='word_1_69' title='bbox 1121 1639 1227 1702; x_wconf 81' lang='lat' dir='ltr'><strong>graeo.</strong></span> 
     </span>
     <span class='ocr_line' id='line_1_12' title="bbox 409 1726 1112 1793; baseline 0 -3"><span class='ocrx_word' id='word_1_70' title='bbox 409 1738 525 1790; x_wconf 79' lang='lat' dir='ltr'><strong>corer.</strong></span> <span class='ocrx_word' id='word_1_71' title='bbox 543 1726 624 1788; x_wconf 69' lang='lat' dir='ltr'><strong>xis..</strong></span> <span class='ocrx_word' id='word_1_72' title='bbox 641 1730 675 1791; x_wconf 90' lang='lat' dir='ltr'><strong>in</strong></span> <span class='ocrx_word' id='word_1_73' title='bbox 691 1730 786 1792; x_wconf 90' lang='lat' dir='ltr'><strong>latino</strong></span> <span class='ocrx_word' id='word_1_74' title='bbox 801 1731 938 1793; x_wconf 90' lang='lat' dir='ltr'><strong>saluator</strong></span> <span class='ocrx_word' id='word_1_75' title='bbox 952 1733 1063 1791; x_wconf 84' lang='lat' dir='ltr'><strong>unctus</strong></span> <span class='ocrx_word' id='word_1_76' title='bbox 1073 1726 1112 1790; x_wconf 82' lang='lat'><strong>3..</strong></span> 
     </span>
    </p>

    <p class='ocr_par' dir='ltr' id='par_1_9' title="bbox 408 1828 1340 2122">
     <span class='ocr_line' id='line_1_13' title="bbox 408 1828 1292 1910; baseline 0 -16"><span class='ocrx_word' id='word_1_77' title='bbox 408 1833 440 1894; x_wconf 93' lang='lat' dir='ltr'><strong>id</strong></span> <span class='ocrx_word' id='word_1_78' title='bbox 455 1836 501 1894; x_wconf 88' lang='lat' dir='ltr'><strong>est</strong></span> <span class='ocrx_word' id='word_1_79' title='bbox 514 1848 566 1893; x_wconf 85' lang='lat' dir='ltr'><strong>rer</strong></span> <span class='ocrx_word' id='word_1_80' title='bbox 581 1835 611 1892; x_wconf 91' lang='lat' dir='ltr'><strong>et</strong></span> <span class='ocrx_word' id='word_1_81' title='bbox 625 1828 791 1894; x_wconf 76' lang='lat' dir='ltr'><strong>saeerd0s4</strong></span> <span class='ocrx_word' id='word_1_82' title='bbox 804 1831 917 1894; x_wconf 87' lang='lat' dir='ltr'><strong>dieitur</strong></span> <span class='ocrx_word' id='word_1_83' title='bbox 928 1833 1003 1894; x_wconf 94' lang='lat' dir='ltr'><strong>dum</strong></span> <span class='ocrx_word' id='word_1_84' title='bbox 1017 1832 1055 1893; x_wconf 92' lang='lat' dir='ltr'><strong>de</strong></span> <span class='ocrx_word' id='word_1_85' title='bbox 1072 1848 1184 1910; x_wconf 82' lang='lat' dir='ltr'><strong>genere</strong></span> <span class='ocrx_word' id='word_1_86' title='bbox 1197 1832 1292 1896; x_wconf 89' lang='lat' dir='ltr'><strong>dauid</strong></span> 
     </span>
     <span class='ocr_line' id='line_1_14' title="bbox 408 1937 1340 2018; baseline 0 -18"><span class='ocrx_word' id='word_1_87' title='bbox 408 1939 547 2001; x_wconf 79' lang='lat' dir='ltr'><strong>nascitur</strong></span> <span class='ocrx_word' id='word_1_88' title='bbox 560 1938 696 2000; x_wconf 82' lang='lat' dir='ltr'><strong>christus</strong></span> <span class='ocrx_word' id='word_1_89' title='bbox 712 1943 743 1999; x_wconf 95' lang='lat' dir='ltr'><strong>et</strong></span> <span class='ocrx_word' id='word_1_90' title='bbox 756 1939 885 2000; x_wconf 84' lang='lat' dir='ltr'><strong>uocibus</strong></span> <span class='ocrx_word' id='word_1_91' title='bbox 898 1943 1005 2000; x_wconf 91' lang='lat' dir='ltr'><strong>uatum</strong></span> <span class='ocrx_word' id='word_1_92' title='bbox 1018 1937 1032 1986; x_wconf 90' lang='lat'>5</span> <span class='ocrx_word' id='word_1_93' title='bbox 1047 1939 1218 2018; x_wconf 84' lang='lat' dir='ltr'><strong>profetator</strong></span> <span class='ocrx_word' id='word_1_94' title='bbox 1232 1940 1260 2000; x_wconf 91' lang='lat' dir='ltr'><strong>le</strong></span> <span class='ocrx_word' id='word_1_95' title='bbox 1338 1983 1340 1988; x_wconf 84' lang='lat'>-</span> 
     </span>
     <span class='ocr_line' id='line_1_15' title="bbox 410 2039 1228 2122; baseline -0.004 -17"><span class='ocrx_word' id='word_1_96' title='bbox 410 2044 502 2106; x_wconf 88' lang='lat' dir='ltr'><strong>uetiei</strong></span> <span class='ocrx_word' id='word_1_97' title='bbox 518 2043 639 2122; x_wconf 91' lang='lat' dir='ltr'><strong>generis</strong></span> <span class='ocrx_word' id='word_1_98' title='bbox 654 2042 735 2104; x_wconf 90' lang='lat' dir='ltr'><strong>unde</strong></span> <span class='ocrx_word' id='word_1_99' title='bbox 750 2043 899 2122; x_wconf 88' lang='lat' dir='ltr'><strong>sequitur.</strong></span> <span class='ocrx_word' id='word_1_100' title='bbox 917 2039 1131 2120; x_wconf 78' lang='lat' dir='ltr'><strong>§clamantis7</strong></span> <span class='ocrx_word' id='word_1_101' title='bbox 1148 2043 1181 2102; x_wconf 93' lang='lat' dir='ltr'><strong>in</strong></span> <span class='ocrx_word' id='word_1_102' title='bbox 1196 2042 1228 2105; x_wconf 91' lang='lat' dir='ltr'><strong>di</strong></span> 
     </span>
    </p>

    <p class='ocr_par' dir='ltr' id='par_1_10' title="bbox 412 2146 1166 2227">
     <span class='ocr_line' id='line_1_16' title="bbox 412 2146 1166 2227; baseline -0.003 -15"><span class='ocrx_word' id='word_1_103' title='bbox 412 2196 447 2226; x_wconf 89' lang='lat'><strong>..,</strong></span> <span class='ocrx_word' id='word_1_104' title='bbox 463 2146 550 2210; x_wconf 87' lang='lat' dir='ltr'><strong>Sient</strong></span> <span class='ocrx_word' id='word_1_105' title='bbox 563 2148 713 2226; x_wconf 90' lang='lat' dir='ltr'><strong>seriptum</strong></span> <span class='ocrx_word' id='word_1_106' title='bbox 728 2154 774 2210; x_wconf 89' lang='lat' dir='ltr'><strong>est</strong></span> <span class='ocrx_word' id='word_1_107' title='bbox 789 2149 822 2208; x_wconf 91' lang='lat' dir='ltr'><strong>in</strong></span> <span class='ocrx_word' id='word_1_108' title='bbox 837 2148 937 2210; x_wconf 87' lang='lat' dir='ltr'><strong>essaia</strong></span> <span class='ocrx_word' id='word_1_109' title='bbox 951 2147 1069 2227; x_wconf 86' lang='lat' dir='ltr'><strong>profeta</strong></span> <span class='ocrx_word' id='word_1_110' title='bbox 1080 2148 1166 2210; x_wconf 75' lang='lat' dir='ltr'><strong>uoxss</strong></span> 
     </span>
    </p>

    <p class='ocr_par' dir='ltr' id='par_1_11' title="bbox 412 2254 1203 2334">
     <span class='ocr_line' id='line_1_17' title="bbox 412 2254 1203 2334; baseline 0.001 -16"><span class='ocrx_word' id='word_1_111' title='bbox 412 2261 493 2318; x_wconf 91' lang='lat' dir='ltr'><strong>serto</strong></span> <span class='ocrx_word' id='word_1_112' title='bbox 507 2259 536 2317; x_wconf 95' lang='lat' dir='ltr'><strong>et</strong></span> <span class='ocrx_word' id='word_1_113' title='bbox 552 2255 694 2334; x_wconf 88' lang='lat' dir='ltr'><strong>reliqua..</strong></span> <span class='ocrx_word' id='word_1_114' title='bbox 709 2270 769 2315; x_wconf 83' lang='lat' dir='ltr'><strong>uox</strong></span> <span class='ocrx_word' id='word_1_115' title='bbox 783 2258 830 2316; x_wconf 89' lang='lat' dir='ltr'><strong>est</strong></span> <span class='ocrx_word' id='word_1_116' title='bbox 844 2254 987 2316; x_wconf 91' lang='lat' dir='ltr'><strong>iohannis</strong></span> <span class='ocrx_word' id='word_1_117' title='bbox 1002 2257 1039 2317; x_wconf 92' lang='lat' dir='ltr'><strong>de</strong></span> <span class='ocrx_word' id='word_1_118' title='bbox 1052 2272 1114 2334; x_wconf 91' lang='lat' dir='ltr'><strong>qua</strong></span> <span class='ocrx_word' id='word_1_119' title='bbox 1129 2273 1203 2319; x_wconf 88' lang='lat' dir='ltr'><strong>uoee</strong></span> 
     </span>
    </p>

    <p class='ocr_par' dir='ltr' id='par_1_12' title="bbox 411 2359 1343 2652">
     <span class='ocr_line' id='line_1_18' title="bbox 411 2359 1343 2442; baseline 0 -18"><span class='ocrx_word' id='word_1_120' title='bbox 411 2363 522 2424; x_wconf 86' lang='lat' dir='ltr'><strong>elarnat</strong></span> <span class='ocrx_word' id='word_1_121' title='bbox 533 2360 679 2423; x_wconf 89' lang='lat' dir='ltr'><strong>dominus</strong></span> <span class='ocrx_word' id='word_1_122' title='bbox 692 2359 798 2422; x_wconf 88' lang='lat' dir='ltr'><strong>ihesus</strong></span> <span class='ocrx_word' id='word_1_123' title='bbox 811 2361 850 2422; x_wconf 90' lang='lat' dir='ltr'><strong>ad</strong></span> <span class='ocrx_word' id='word_1_124' title='bbox 864 2361 981 2424; x_wconf 86' lang='lat' dir='ltr'><strong>iudeus.</strong></span> <span class='ocrx_word' id='word_1_125' title='bbox 998 2361 1081 2442; x_wconf 89' lang='lat' dir='ltr'><strong>quod</strong></span> <span class='ocrx_word' id='word_1_126' title='bbox 1095 2364 1174 2424; x_wconf 89' lang='lat' dir='ltr'><strong>inter</strong></span> <span class='ocrx_word' id='word_1_127' title='bbox 1187 2368 1276 2426; x_wconf 88' lang='lat' dir='ltr'><strong>natos</strong></span> <span class='ocrx_word' id='word_1_128' title='bbox 1289 2381 1343 2425; x_wconf 91' lang='lat' dir='ltr'><strong>mu</strong></span> 
     </span>
     <span class='ocr_line' id='line_1_19' title="bbox 411 2465 1307 2530; baseline -0.001 -1"><span class='ocrx_word' id='word_1_129' title='bbox 411 2469 486 2530; x_wconf 91' lang='lat' dir='ltr'><strong>liere</strong></span> <span class='ocrx_word' id='word_1_130' title='bbox 499 2467 597 2528; x_wconf 89' lang='lat' dir='ltr'><strong>maior</strong></span> <span class='ocrx_word' id='word_1_131' title='bbox 610 2468 692 2527; x_wconf 88' lang='lat' dir='ltr'><strong>esset</strong></span> <span class='ocrx_word' id='word_1_132' title='bbox 703 2465 755 2526; x_wconf 89' lang='lat' dir='ltr'><strong>illo</strong></span> <span class='ocrx_word' id='word_1_133' title='bbox 771 2481 884 2528; x_wconf 90' lang='lat' dir='ltr'><strong>nemo..</strong></span> <span class='ocrx_word' id='word_1_134' title='bbox 904 2465 1019 2528; x_wconf 88' lang='lat' dir='ltr'><strong>elamor</strong></span> <span class='ocrx_word' id='word_1_135' title='bbox 1033 2467 1182 2528; x_wconf 70' lang='lat' dir='ltr'><strong>hautemss</strong></span> <span class='ocrx_word' id='word_1_136' title='bbox 1199 2469 1237 2529; x_wconf 90' lang='lat' dir='ltr'><strong>ad</strong></span> <span class='ocrx_word' id='word_1_137' title='bbox 1251 2485 1307 2530; x_wconf 91' lang='lat' dir='ltr'><strong>sur</strong></span> 
     </span>
     <span class='ocr_line' id='line_1_20' title="bbox 411 2571 1165 2652; baseline -0.001 -18"><span class='ocrx_word' id='word_1_138' title='bbox 411 2573 467 2635; x_wconf 91' lang='lat' dir='ltr'><strong>dos</strong></span> <span class='ocrx_word' id='word_1_139' title='bbox 484 2572 535 2634; x_wconf 91' lang='lat' dir='ltr'><strong>uel</strong></span> <span class='ocrx_word' id='word_1_140' title='bbox 548 2571 639 2650; x_wconf 91' lang='lat' dir='ltr'><strong>longe</strong></span> <span class='ocrx_word' id='word_1_141' title='bbox 656 2571 789 2650; x_wconf 88' lang='lat' dir='ltr'><strong>possitos</strong></span> <span class='ocrx_word' id='word_1_142' title='bbox 804 2571 855 2634; x_wconf 92' lang='lat' dir='ltr'><strong>uel</strong></span> <span class='ocrx_word' id='word_1_143' title='bbox 869 2587 940 2635; x_wconf 88' lang='lat' dir='ltr'><strong>oum</strong></span> <span class='ocrx_word' id='word_1_144' title='bbox 953 2572 1165 2652; x_wconf 84' lang='lat' dir='ltr'><strong>indignatione</strong></span> 
     </span>
    </p>

    <p class='ocr_par' dir='ltr' id='par_1_13' title="bbox 412 2677 1221 2758">
     <span class='ocr_line' id='line_1_21' title="bbox 412 2677 1221 2758; baseline -0.005 -16"><span class='ocrx_word' id='word_1_145' title='bbox 412 2680 478 2742; x_wconf 74' lang='lat' dir='ltr'><strong>iteri</strong></span> <span class='ocrx_word' id='word_1_146' title='bbox 494 2678 592 2741; x_wconf 89' lang='lat' dir='ltr'><strong>solet..</strong></span> <span class='ocrx_word' id='word_1_147' title='bbox 608 2695 675 2758; x_wconf 80' lang='lat' dir='ltr'><strong>que</strong></span> <span class='ocrx_word' id='word_1_148' title='bbox 692 2679 748 2739; x_wconf 81' lang='lat' dir='ltr'><strong>iii.</strong></span> <span class='ocrx_word' id='word_1_149' title='bbox 761 2677 776 2727; x_wconf 85' lang='lat'>9</span> <span class='ocrx_word' id='word_1_150' title='bbox 793 2679 824 2739; x_wconf 89' lang='lat' dir='ltr'><strong>in</strong></span> <span class='ocrx_word' id='word_1_151' title='bbox 839 2678 960 2740; x_wconf 90' lang='lat' dir='ltr'><strong>iudaieo</strong></span> <span class='ocrx_word' id='word_1_152' title='bbox 974 2682 1089 2740; x_wconf 88' lang='lat' dir='ltr'><strong>eertum</strong></span> <span class='ocrx_word' id='word_1_153' title='bbox 1104 2681 1150 2740; x_wconf 92' lang='lat' dir='ltr'><strong>est</strong></span> <span class='ocrx_word' id='word_1_154' title='bbox 1165 2695 1221 2739; x_wconf 90' lang='lat' dir='ltr'><strong>eue</strong></span> 
     </span>
    </p>

    <p class='ocr_par' dir='ltr' id='par_1_14' title="bbox 412 2783 1117 2864">
     <span class='ocr_line' id='line_1_22' title="bbox 412 2783 1117 2864; baseline -0.001 -18"><span class='ocrx_word' id='word_1_155' title='bbox 412 2785 496 2847; x_wconf 89' lang='lat' dir='ltr'><strong>nisse</strong></span> <span class='ocrx_word' id='word_1_156' title='bbox 510 2783 624 2864; x_wconf 87' lang='lat' dir='ltr'><strong>populo</strong></span> <span class='ocrx_word' id='word_1_157' title='bbox 635 2783 710 2844; x_wconf 88' lang='lat' dir='ltr'><strong>dum</strong></span> <span class='ocrx_word' id='word_1_158' title='bbox 724 2783 814 2862; x_wconf 87' lang='lat' dir='ltr'><strong>longe</strong></span> <span class='ocrx_word' id='word_1_159' title='bbox 828 2786 876 2844; x_wconf 88' lang='lat' dir='ltr'><strong>est</strong></span> <span class='ocrx_word' id='word_1_160' title='bbox 889 2801 908 2845; x_wconf 92' lang='lat' dir='ltr'><strong>a</strong></span> <span class='ocrx_word' id='word_1_161' title='bbox 922 2783 1117 2862; x_wconf 89' lang='lat' dir='ltr'><strong>peeatoribus</strong></span> 
     </span>
    </p>

    <p class='ocr_par' dir='ltr' id='par_1_15' title="bbox 412 2888 1049 2968">
     <span class='ocr_line' id='line_1_23' title="bbox 412 2888 1049 2968; baseline -0.006 -14"><span class='ocrx_word' id='word_1_162' title='bbox 412 2893 496 2954; x_wconf 91' lang='lat' dir='ltr'><strong>salus</strong></span> <span class='ocrx_word' id='word_1_163' title='bbox 507 2893 537 2952; x_wconf 90' lang='lat' dir='ltr'><strong>et</strong></span> <span class='ocrx_word' id='word_1_164' title='bbox 549 2905 641 2952; x_wconf 89' lang='lat' dir='ltr'><strong>aures</strong></span> <span class='ocrx_word' id='word_1_165' title='bbox 655 2905 728 2951; x_wconf 88' lang='lat' dir='ltr'><strong>suas</strong></span> <span class='ocrx_word' id='word_1_166' title='bbox 744 2889 880 2968; x_wconf 90' lang='lat' dir='ltr'><strong>grauiter</strong></span> <span class='ocrx_word' id='word_1_167' title='bbox 893 2888 1049 2951; x_wconf 89' lang='lat' dir='ltr'><strong>obduraue</strong></span> 
     </span>
    </p>

    <p class='ocr_par' dir='ltr' id='par_1_16' title="bbox 412 2992 1116 3077">
     <span class='ocr_line' id='line_1_24' title="bbox 412 2992 1116 3077; baseline -0.011 -15"><span class='ocrx_word' id='word_1_168' title='bbox 412 3002 487 3062; x_wconf 91' lang='lat' dir='ltr'><strong>runt</strong></span> <span class='ocrx_word' id='word_1_169' title='bbox 501 2997 582 3061; x_wconf 89' lang='lat' dir='ltr'><strong>sieut</strong></span> <span class='ocrx_word' id='word_1_170' title='bbox 593 2997 715 3077; x_wconf 83' lang='lat' dir='ltr'><strong>aspides</strong></span> <span class='ocrx_word' id='word_1_171' title='bbox 729 2997 841 3058; x_wconf 90' lang='lat' dir='ltr'><strong>surdae</strong></span> <span class='ocrx_word' id='word_1_172' title='bbox 857 2992 885 3044; x_wconf 90' lang='lat'><strong>10</strong></span> <span class='ocrx_word' id='word_1_173' title='bbox 900 2999 930 3056; x_wconf 90' lang='lat' dir='ltr'><strong>et</strong></span> <span class='ocrx_word' id='word_1_174' title='bbox 945 2995 1116 3074; x_wconf 84' lang='lat' dir='ltr'><strong>indignatio</strong></span> 
     </span>
    </p>

    <p class='ocr_par' dir='ltr' id='par_1_17' title="bbox 413 3099 1162 3168">
     <span class='ocr_line' id='line_1_25' title="bbox 413 3099 1162 3168; baseline -0.007 -1"><span class='ocrx_word' id='word_1_175' title='bbox 413 3123 485 3168; x_wconf 91' lang='lat' dir='ltr'><strong>nem</strong></span> <span class='ocrx_word' id='word_1_176' title='bbox 500 3109 529 3166; x_wconf 88' lang='lat' dir='ltr'><strong>et</strong></span> <span class='ocrx_word' id='word_1_177' title='bbox 542 3104 620 3166; x_wconf 90' lang='lat' dir='ltr'><strong>iram</strong></span> <span class='ocrx_word' id='word_1_178' title='bbox 633 3107 663 3164; x_wconf 92' lang='lat' dir='ltr'><strong>et</strong></span> <span class='ocrx_word' id='word_1_179' title='bbox 681 3101 908 3165; x_wconf 84' lang='lat' dir='ltr'><strong>tribulationem</strong></span> <span class='ocrx_word' id='word_1_180' title='bbox 923 3101 1031 3162; x_wconf 90' lang='lat' dir='ltr'><strong>ehristi</strong></span> <span class='ocrx_word' id='word_1_181' title='bbox 1043 3099 1069 3150; x_wconf 81' lang='lat' dir='ltr'><strong>tt</strong></span> <span class='ocrx_word' id='word_1_182' title='bbox 1089 3101 1162 3162; x_wconf 92' lang='lat' dir='ltr'><strong>audi</strong></span> 
     </span>
    </p>

    <p class='ocr_par' dir='ltr' id='par_1_18' title="bbox 413 3207 1222 3288">
     <span class='ocr_line' id='line_1_26' title="bbox 413 3207 1222 3288; baseline -0.004 -15"><span class='ocrx_word' id='word_1_183' title='bbox 413 3229 447 3274; x_wconf 92' lang='lat' dir='ltr'><strong>re</strong></span> <span class='ocrx_word' id='word_1_184' title='bbox 459 3210 668 3288; x_wconf 56' lang='lat' dir='ltr'><strong>meruerunt&amp;</strong></span> <span class='ocrx_word' id='word_1_185' title='bbox 683 3210 757 3272; x_wconf 88' lang='lat' dir='ltr'><strong>serti</strong></span> <span class='ocrx_word' id='word_1_186' title='bbox 770 3213 857 3270; x_wconf 88' lang='lat' dir='ltr'><strong>erant</strong></span> <span class='ocrx_word' id='word_1_187' title='bbox 870 3225 889 3268; x_wconf 92' lang='lat' dir='ltr'><strong>a</strong></span> <span class='ocrx_word' id='word_1_188' title='bbox 901 3207 1012 3286; x_wconf 89' lang='lat' dir='ltr'><strong>spiritu</strong></span> <span class='ocrx_word' id='word_1_189' title='bbox 1028 3207 1076 3269; x_wconf 92' lang='lat' dir='ltr'><strong>dei</strong></span> <span class='ocrx_word' id='word_1_190' title='bbox 1091 3209 1171 3271; x_wconf 90' lang='lat' dir='ltr'><strong>sieut</strong></span> <span class='ocrx_word' id='word_1_191' title='bbox 1183 3209 1222 3270; x_wconf 93' lang='lat' dir='ltr'><strong>do</strong></span> 
     </span>
    </p>

    <p class='ocr_par' dir='ltr' id='par_1_19' title="bbox 413 3313 1286 3501">
     <span class='ocr_line' id='line_1_27' title="bbox 415 3313 1286 3396; baseline -0.003 -17"><span class='ocrx_word' id='word_1_192' title='bbox 415 3364 450 3396; x_wconf 88' lang='lat'><strong>..,</strong></span> <span class='ocrx_word' id='word_1_193' title='bbox 465 3315 503 3379; x_wconf 93' lang='lat' dir='ltr'><strong>In</strong></span> <span class='ocrx_word' id='word_1_194' title='bbox 517 3317 631 3380; x_wconf 89' lang='lat' dir='ltr'><strong>diserto</strong></span> <span class='ocrx_word' id='word_1_195' title='bbox 647 3316 772 3378; x_wconf 78' lang='lat' dir='ltr'><strong>hautein</strong></span> <span class='ocrx_word' id='word_1_196' title='bbox 787 3315 821 3376; x_wconf 86' lang='lat' dir='ltr'><strong>iit</strong></span> <span class='ocrx_word' id='word_1_197' title='bbox 834 3319 864 3375; x_wconf 90' lang='lat' dir='ltr'><strong>et</strong></span> <span class='ocrx_word' id='word_1_198' title='bbox 877 3329 937 3375; x_wconf 82' lang='lat' dir='ltr'><strong>uox</strong></span> <span class='ocrx_word' id='word_1_199' title='bbox 951 3317 980 3374; x_wconf 92' lang='lat' dir='ltr'><strong>et</strong></span> <span class='ocrx_word' id='word_1_200' title='bbox 994 3313 1108 3377; x_wconf 91' lang='lat' dir='ltr'><strong>elamor</strong></span> <span class='ocrx_word' id='word_1_201' title='bbox 1122 3317 1195 3395; x_wconf 88' lang='lat' dir='ltr'><strong>quia</strong></span> <span class='ocrx_word' id='word_1_202' title='bbox 1211 3315 1239 3366; x_wconf 70' lang='lat'><strong>¹2</strong></span> <span class='ocrx_word' id='word_1_203' title='bbox 1256 3316 1286 3377; x_wconf 92' lang='lat' dir='ltr'><strong>di</strong></span> 
     </span>
     <span class='ocr_line' id='line_1_28' title="bbox 413 3416 1136 3501; baseline -0.003 -15"><span class='ocrx_word' id='word_1_204' title='bbox 413 3441 484 3486; x_wconf 91' lang='lat' dir='ltr'><strong>mus</strong></span> <span class='ocrx_word' id='word_1_205' title='bbox 498 3439 614 3486; x_wconf 88' lang='lat' dir='ltr'><strong>uaeans</strong></span> <span class='ocrx_word' id='word_1_206' title='bbox 628 3426 658 3484; x_wconf 91' lang='lat' dir='ltr'><strong>et</strong></span> <span class='ocrx_word' id='word_1_207' title='bbox 671 3425 793 3501; x_wconf 88' lang='lat' dir='ltr'><strong>seopata</strong></span> <span class='ocrx_word' id='word_1_208' title='bbox 807 3416 845 3480; x_wconf 85' lang='lat'><strong>¹3.</strong></span> <span class='ocrx_word' id='word_1_209' title='bbox 863 3419 970 3482; x_wconf 89' lang='lat' dir='ltr'><strong>diserti</strong></span> <span class='ocrx_word' id='word_1_210' title='bbox 986 3437 1004 3481; x_wconf 88' lang='lat' dir='ltr'><strong>a</strong></span> <span class='ocrx_word' id='word_1_211' title='bbox 1018 3421 1136 3500; x_wconf 87' lang='lat' dir='ltr'><strong>profeta</strong></span> 
     </span>
    </p>

    <p class='ocr_par' dir='ltr' id='par_1_20' title="bbox 412 3525 1190 3610">
     <span class='ocr_line' id='line_1_29' title="bbox 412 3525 1190 3610; baseline -0.005 -18"><span class='ocrx_word' id='word_1_212' title='bbox 412 3545 516 3610; x_wconf 89' lang='lat' dir='ltr'><strong>arege</strong></span> <span class='ocrx_word' id='word_1_213' title='bbox 529 3533 621 3609; x_wconf 87' lang='lat' dir='ltr'><strong>atque</strong></span> <span class='ocrx_word' id='word_1_214' title='bbox 636 3529 815 3592; x_wconf 80' lang='lat' dir='ltr'><strong>sacerdote..</strong></span> <span class='ocrx_word' id='word_1_215' title='bbox 831 3525 914 3586; x_wconf 92' lang='lat' dir='ltr'><strong>unde</strong></span> <span class='ocrx_word' id='word_1_216' title='bbox 925 3525 959 3585; x_wconf 93' lang='lat' dir='ltr'><strong>in</strong></span> <span class='ocrx_word' id='word_1_217' title='bbox 977 3525 1091 3587; x_wconf 90' lang='lat' dir='ltr'><strong>diserto</strong></span> <span class='ocrx_word' id='word_1_218' title='bbox 1108 3527 1135 3578; x_wconf 76' lang='lat'><strong>14</strong></span> <span class='ocrx_word' id='word_1_219' title='bbox 1149 3545 1190 3607; x_wconf 87' lang='lat' dir='ltr'><strong>qu</strong></span> 
     </span>
    </p>

    <p class='ocr_par' dir='ltr' id='par_1_21' title="bbox 413 3629 1340 3804">
     <span class='ocr_line' id='line_1_30' title="bbox 414 3629 1340 3714; baseline -0.006 -16"><span class='ocrx_word' id='word_1_220' title='bbox 414 3639 506 3698; x_wconf 91' lang='lat' dir='ltr'><strong>erunt</strong></span> <span class='ocrx_word' id='word_1_221' title='bbox 519 3636 667 3698; x_wconf 88' lang='lat' dir='ltr'><strong>iohannes</strong></span> <span class='ocrx_word' id='word_1_222' title='bbox 681 3637 711 3696; x_wconf 90' lang='lat' dir='ltr'><strong>et</strong></span> <span class='ocrx_word' id='word_1_223' title='bbox 725 3633 831 3694; x_wconf 86' lang='lat' dir='ltr'><strong>ihesus</strong></span> <span class='ocrx_word' id='word_1_224' title='bbox 845 3629 928 3710; x_wconf 87' lang='lat' dir='ltr'><strong>quod</strong></span> <span class='ocrx_word' id='word_1_225' title='bbox 942 3629 969 3682; x_wconf 84' lang='lat'><strong>¹5</strong></span> <span class='ocrx_word' id='word_1_226' title='bbox 989 3631 1020 3690; x_wconf 89' lang='lat' dir='ltr'><strong>in</strong></span> <span class='ocrx_word' id='word_1_227' title='bbox 1039 3631 1154 3692; x_wconf 91' lang='lat' dir='ltr'><strong>diserto</strong></span> <span class='ocrx_word' id='word_1_228' title='bbox 1168 3632 1303 3692; x_wconf 89' lang='lat' dir='ltr'><strong>amisum</strong></span> <span class='ocrx_word' id='word_1_229' title='bbox 1339 3711 1340 3714; x_wconf 8' lang='grc' dir='ltr'><strong>Ἴ</strong></span> 
     </span>
     <span class='ocr_line' id='line_1_31' title="bbox 413 3735 1213 3804; baseline -0.009 -2"><span class='ocrx_word' id='word_1_230' title='bbox 413 3747 482 3803; x_wconf 89' lang='lat' dir='ltr'><strong>est..</strong></span> <span class='ocrx_word' id='word_1_231' title='bbox 499 3741 553 3804; x_wconf 92' lang='lat' dir='ltr'><strong>uhi</strong></span> <span class='ocrx_word' id='word_1_232' title='bbox 564 3739 593 3790; x_wconf 81' lang='lat'><strong>16</strong></span> <span class='ocrx_word' id='word_1_233' title='bbox 610 3741 685 3802; x_wconf 89' lang='lat' dir='ltr'><strong>uieit</strong></span> <span class='ocrx_word' id='word_1_234' title='bbox 696 3737 840 3804; x_wconf 88' lang='lat' dir='ltr'><strong>diabulos</strong></span> <span class='ocrx_word' id='word_1_235' title='bbox 854 3735 895 3798; x_wconf 92' lang='lat' dir='ltr'><strong>ibi</strong></span> <span class='ocrx_word' id='word_1_236' title='bbox 910 3735 1072 3797; x_wconf 80' lang='lat' dir='ltr'><strong>uincitur..</strong></span> <span class='ocrx_word' id='word_1_237' title='bbox 1089 3735 1140 3798; x_wconf 90' lang='lat' dir='ltr'><strong>ubi</strong></span> <span class='ocrx_word' id='word_1_238' title='bbox 1156 3737 1213 3796; x_wconf 86' lang='lat' dir='ltr'><strong>aiei</strong></span> 
     </span>
    </p>
   </div>
   <div class='ocr_carea' id='block_1_4' title="bbox 414 3853 1020 3934">
    <p class='ocr_par' dir='ltr' id='par_1_22' title="bbox 414 3853 1020 3934">
     <span class='ocr_line' id='line_1_32' title="bbox 414 3853 1020 3934; baseline -0.015 -14"><span class='ocrx_word' id='word_1_239' title='bbox 414 3858 459 3920; x_wconf 92' lang='lat' dir='ltr'><strong>dit</strong></span> <span class='ocrx_word' id='word_1_240' title='bbox 472 3858 563 3921; x_wconf 91' lang='lat' dir='ltr'><strong>homo</strong></span> <span class='ocrx_word' id='word_1_241' title='bbox 578 3858 619 3920; x_wconf 85' lang='lat' dir='ltr'><strong>ibi</strong></span> <span class='ocrx_word' id='word_1_242' title='bbox 633 3855 794 3934; x_wconf 82' lang='lat' dir='ltr'><strong>exsurgit..</strong></span> <span class='ocrx_word' id='word_1_243' title='bbox 811 3853 887 3914; x_wconf 81' lang='lat' dir='ltr'><strong>Iteee</strong></span> <span class='ocrx_word' id='word_1_244' title='bbox 901 3853 990 3912; x_wconf 90' lang='lat' dir='ltr'><strong>mitto</strong></span> <span class='ocrx_word' id='word_1_245' title='bbox 1018 3861 1020 3869; x_wconf 80' lang='grc'><strong>“</strong></span> 
     </span>
    </p>
   </div>
   <div class='ocr_carea' id='block_1_5' title="bbox 0 0 1810 5586">
    <p class='ocr_par' dir='ltr' id='par_1_23' title="bbox 0 0 1810 5586">
     <span class='ocr_line' id='line_1_33' title="bbox 0 0 1810 5586; baseline 0 0"><span class='ocrx_word' id='word_1_246' title='bbox 0 0 1810 5586; x_wconf 95' lang='lat' dir='ltr'><strong> </strong></span> 
     </span>
    </p>
   </div>
  </div>
 </body>
</html>
