3580 5586
711 469 940 536 rubuario.
1328 491 1398 534 mr

248 615 353 684 possis,
367 615 428 680 jam
442 615 477 668 ab
491 609 686 674 incunabulis,
698 611 830 666 accentui
846 614 876 665 et
888 612 950 676 pari
964 611 1141 678 syllabarum
1155 623 1278 664 numero
1287 623 1398 665 novum

249 713 381 779 adjunxit
393 712 583 771 elementum,
598 709 710 764 scilicet
724 709 846 778 rimam,
863 721 916 762 seu
938 707 1132 762 asmantiam
1155 707 1287 774 dualem,
1310 721 1398 774 quam
1451 753 1454 760 ,

249 813 351 876 postea
363 809 485 876 plurimi
498 808 585 862 variat
601 806 721 873 originis
738 806 839 874 populi
857 806 984 858 mutuati
1000 808 1077 858 sunt.
1094 805 1179 859 Porro
1194 805 1273 862 rima
1287 819 1322 860 ex
1336 806 1399 860 solo

248 905 376 961 naturali
391 919 529 973 processu
543 906 640 960 latium
655 906 762 972 linguae
777 905 915 971 explicari
931 904 1014 958 nullo
1025 905 1112 958 modo
1126 909 1231 972 potest.
1240 907 1323 973 Apud
1332 907 1401 960 bati·

249 1017 305 1058 nos
320 1017 375 1058 nec
388 1017 436 1057 res
449 1003 545 1057 extitit
559 1015 614 1056 nec
637 1015 755 1056 nomen.
775 1001 803 1055 si
827 1002 858 1054 in
873 1002 970 1056 latinis
989 1001 1167 1056 carminibus
1181 1003 1400 1056 nonnullarum

250 1099 423 1154 assonautiae
448 1099 545 1154 dualis
571 1101 706 1166 exempla
727 1098 835 1166 passim
861 1103 1028 1161 occurrunt,
1054 1099 1115 1152 baec
1138 1099 1258 1153 fortuita
1279 1100 1400 1154 omuino

250 1201 329 1260 sunt,
344 1209 404 1249 non
418 1196 547 1263 quesita.
563 1196 764 1250 Αεεοηαηιὶαιη
779 1194 898 1248 finalem
915 1195 996 1248 latim
1010 1198 1102 1262 poete
1119 1208 1271 1262 nunquam
1297 1195 1400 1263 quusi·

250 1295 358 1346 verunt
377 1291 468 1346 immo
482 1306 599 1359 semper
618 1292 720 1346 sedulo
743 1291 933 1346 evitaverunt.
956 1293 1054 1359 Neque
1077 1292 1108 1344 iu
1134 1293 1254 1348 incultis
1272 1305 1401 1347 romanoe

250 1389 346 1455 plebis
358 1389 404 1444 vel
419 1403 608 1444 romanorum
622 1389 751 1443 militum
766 1389 929 1452 cantilenis,
940 1401 1006 1456 quae
1017 1393 1183 1456 supersunt,
1198 1391 1287 1444 etiam
1297 1389 1329 1443 in
1343 1389 1402 1443 illis

252 1485 283 1538 in
299 1484 406 1551 quihus
422 1487 543 1540 metrica
556 1487 650 1540 lcrma
662 1485 723 1552 jam
746 1485 857 1548 deficit,
884 1484 980 1538 ullum
996 1485 1082 1540 rimu
1096 1486 1323 1553 deprehenditur
1336 1499 1401 1540 ves·

252 1581 367 1648 tigium.
383 1582 553 1636 Amenanus
567 1582 663 1636 dualis
677 1582 724 1636 vel
740 1581 829 1652 rima,
847 1583 954 1636 saeculo
980 1586 1083 1650 quarto
1106 1583 1232 1636 obeunte
1255 1587 1286 1636 et
1300 1581 1403 1648 quinto

252 1680 411 1747 incipiente
436 1681 562 1747 vulgaris
575 1679 645 1742 mvi,
669 1679 798 1746 primum
818 1680 943 1734 occurrit
964 1681 995 1735 in
1019 1681 1138 1748 hymnis
1158 1681 1255 1735 latinis
1274 1681 1404 1735 ecclesias

251 1777 488 1840 mediolanensis,
513 1775 565 1844 qui
590 1780 689 1830 sancto
712 1777 861 1830 Ambrosio
886 1781 916 1832 et
936 1781 1035 1831 sancto
1050 1779 1211 1844 Augustino
1226 1779 1402 1832 tribuuntur.

253 1876 348 1929 Prima
361 1875 460 1943 itaque
474 1874 558 1930 rimas
573 1879 653 1929 certa
662 1875 796 1940 exempla
810 1874 1001 1928 inveniuntur
1011 1876 1041 1928 in
1056 1875 1118 1930 solo
1133 1875 1244 1940 celtico,
1260 1875 1336 1943 apud
1350 1877 1405 1930 cel-

252 1972 325 2026 ticas
348 1977 457 2039 gentes,
477 1973 508 2026 iu
526 1973 705 2028 carminibus
728 1973 853 2027 conditis
870 1987 887 2026 a
908 1974 1002 2040 poetis
1023 1973 1074 2039 qui
1098 1973 1145 2026 vel
1160 1971 1270 2026 celtice
1285 1971 1405 2038 originis

252 2070 383 2130 suntvel
396 2070 472 2136 apud
482 2069 601 2124 celticas
610 2075 711 2136 gentes
721 2070 772 2123 diu
783 2074 1047 2124 commoreveruut.
1070 2069 1239 2123 verosimile
1251 2073 1304 2132 est,
1316 2069 1404 2122 hosce

254 2165 381 2232 hymnos
394 2167 498 2220 mediae
512 2166 663 2222 latinitatis
677 2171 858 2222 constructus
872 2181 936 2222 esse
944 2167 1027 2233 juxta
1040 2168 1164 2220 formam
1176 2166 1286 2220 oslhcae
1297 2165 1404 2232 poesie,

254 2277 320 2329 quae
334 2268 404 2316 tunc
420 2264 535 2329 vigebat
548 2268 579 2318 et
592 2277 657 2330 quas
671 2264 731 2330 jam
746 2265 941 2318 assonantiam
956 2264 1075 2318 finalem
1092 2265 1203 2330 praehet
1226 2264 1257 2316 in
1278 2263 1406 2329 antiquis

255 2359 320 2424 ejus
332 2359 466 2426 reliquiis
481 2361 631 2428 hucusque
650 2361 779 2416 detectis.
794 2363 922 2416 Proiecto
933 2361 1063 2414 carmina
1082 2361 1231 2414 hibernica
1251 2363 1281 2414 et
1298 2359 1406 2414 britan-

255 2457 322 2511 nica
335 2459 495 2512 vetustiore
508 2472 572 2525 oure
587 2459 623 2512 ad
643 2471 697 2512 nos
711 2462 910 2525 pervenerunt
931 2458 1071 2512 seculum
1094 2463 1229 2512 octavum
1250 2457 1298 2511 vel
1321 2456 1408 2524 septi·

255 2570 338 2610 mum
361 2569 499 2622 superare
518 2570 578 2611 non
601 2557 747 2612 videntur.
769 2558 822 2612 Sed
843 2561 953 2612 temere
977 2571 1036 2612 nou
1059 2561 1104 2610 est
1124 2556 1269 2610 affirmare
1289 2555 1408 2610 celticas

257 2654 366 2718 gentes,
383 2666 450 2718 quae
465 2653 555 2706 moris
568 2653 847 2720 consuetudinisque
862 2654 1006 2720 majorum
1017 2657 1134 2708 tenaces
1148 2665 1265 2719 semper
1277 2653 1405 2710 fuerunt,

255 2749 315 2814 jam
331 2750 425 2804 multo
440 2755 535 2812 autea,
548 2751 650 2817 primis
663 2765 770 2818 nempe
779 2751 906 2818 vulgaris
915 2751 969 2805 aevi
982 2751 1105 2812 saeculis,
1117 2749 1250 2804 eamdem
1262 2749 1406 2816 poeticam

256 2847 381 2900 formam
396 2846 572 2902 adhibuisse.
587 2848 653 2902 llaec
676 2851 860 2914 argumenta,
877 2860 942 2915 quae
963 2847 1101 2902 historica
1122 2846 1261 2914 appellari
1275 2849 1406 2912 possunt,

256 2943 431 3010 jampridem
447 2945 581 3011 exposuit
593 2945 614 2998 Ι.
630 2944 656 2998 o.
671 2945 771 3008 Zeuss,
794 2957 907 3011 magnae
930 2957 999 2999 sane
1023 2945 1054 2998 in
1070 2944 1117 2998 his
1130 2944 1217 2997 rebus
1230 2943 1409 2996 auctoritatis

257 3041 301 3094 vir
315 3047 334 3092 ¹.
352 3041 406 3094 Sed
422 3041 502 3094 aliud
517 3042 599 3096 adest
606 3047 822 3110 argumentum,
833 3057 867 3096 ex
881 3043 944 3109 ipsa
953 3042 1122 3096 calticarum
1132 3042 1297 3108 linguarum
1312 3041 1409 3095 indole

201 3121 206 3126 ¹
257 3139 424 3202 deductum,
440 3140 652 3206 comprimus,
668 3141 716 3196 vel
726 3141 803 3194 inter
816 3141 940 3206 primos,
961 3141 1091 3194 virorum
1106 3140 1259 3194 doctorum
1273 3139 1408 3206 disquisi-

257 3235 330 3290 tioni
344 3236 495 3292 submitto.
512 3238 591 3291 Inter
605 3238 684 3304 leges
699 3237 810 3292 celticae
825 3237 1017 3304 phonolcgim
1039 3235 1194 3304 singularis
1214 3235 1266 3289 ille
1284 3235 1410 3290 notanda

258 3344 312 3401 est,
326 3341 409 3407 cujus
423 3341 453 3396 vi
468 3341 498 3394 iu
514 3341 618 3396 eodem
633 3342 773 3397 vocabulo
787 3343 869 3396 iortis
882 3342 991 3396 vocalis
1009 3334 1050 3417 (a,
1066 3351 1095 3412 o,
1112 3333 1145 3417 u)
1162 3347 1228 3408 post
1240 3343 1285 3395 vel
1299 3345 1366 3396 ante
1377 3355 1408 3395 se

257 3437 359 3492 itidem
373 3438 478 3491 fortem
492 3438 623 3492 vocalem
640 3442 670 3491 et
691 3452 768 3504 saepe
790 3439 913 3492 eandem
929 3441 1074 3506 praeierat,
1091 3441 1190 3494 tenuis
1203 3453 1272 3494 vero
1288 3443 1408 3493 tenuem

260 3525 299 3608 (a,
316 3525 349 3608 i).
364 3534 430 3588 Haec
443 3535 552 3600 regule,
572 3535 709 3601 quaejam
733 3535 789 3588 late
806 3535 923 3606 obtinet
942 3536 973 3588 in
998 3535 1181 3588 documentis
1201 3535 1359 3589 hibernicis
1380 3539 1410 3588 et

257 3630 427 3686 britannicis
440 3631 558 3696 septimi
572 3634 602 3685 et
616 3631 710 3686 octavi
724 3631 836 3695 seculi,
858 3635 888 3685 et
898 3632 992 3685 multo
1006 3633 1132 3700 amplius
1146 3632 1177 3684 in
1190 3631 1408 3699 posterioribus,
1430 3657 1434 3666 ·

258 3727 423 3780 assonautia
449 3727 553 3780 celtica
573 3727 738 3794 nuncupari
761 3732 866 3794 potest.
891 3729 1048 3783 Peculiaris
1068 3733 1113 3782 cst
1136 3733 1167 3782 et
1184 3729 1301 3796 propria
1324 3727 1411 3794 (inter

259 3821 350 3876 ariani
363 3823 470 3890 stipitis
485 3823 632 3891 idiomate)
646 3825 717 3878 solis
730 3824 843 3879 celticis
858 3825 974 3891 linguis.
993 3825 1139 3892 originem
1153 3830 1252 3879 sutem
1267 3825 1362 3884 hehet,
1377 3827 1411 3877 ut

259 3922 339 3985 puto,
353 3919 384 3972 in
398 3919 522 3986 quadam
546 3920 675 3987 ingenite
694 3925 724 3974 et
745 3921 885 3988 singulari
908 3921 1098 3988 dispositione
1123 3935 1311 3988 organorum,
1331 3921 1410 3974 sonis

260 4017 487 4082 congruentibus
500 4018 724 4084 indulgentium,
740 4031 805 4086 quae
820 4018 923 4086 primis
937 4019 1126 4086 temporibus,
1142 4020 1211 4072 dum
1227 4031 1334 4085 nempe
1347 4030 1409 4070 ma·

260 4113 347 4166 nebat
360 4114 457 4180 aliqua
470 4115 586 4179 genesis
597 4115 677 4168 verbi
691 4115 838 4181 originarii
851 4117 1001 4175 memoria,
1017 4115 1135 4170 nonnisi
1148 4128 1213 4169 rare
1226 4119 1256 4168 et
1269 4114 1411 4168 defectiva

295 4344 316 4393 1.
332 4345 360 4393 Ζ.
376 4343 430 4394 916.
446 4343 501 4394 9⁶25.
