3580 5586
418 445 493 493 xvm
875 415 1107 480 PRAEXATIO.

416 569 483 624 nica
496 577 584 634 quam
598 563 629 616 in
644 561 772 628 cognatis
782 559 899 626 linguis.
916 555 1045 611 Occurrit
1057 555 1226 620 frequenter
1239 551 1270 604 in
1279 550 1401 604 vetustis
1415 549 1562 603 codicibus

418 663 575 720 hibernicis
588 657 609 718 lt
623 661 653 714 in
669 659 751 714 initio
767 671 885 720 vocum;
902 656 953 708 sed
972 652 1104 706 radicalis
1118 664 1176 704 non
1192 653 1249 710 est,
1263 649 1293 702 in
1308 646 1442 714 plurimis
1459 647 1562 700 saltem

417 763 540 817 casibus.
554 760 624 814 Sunt
638 763 735 811 tamen
752 754 884 820 exempla
900 752 930 804 in
946 750 1052 817 quibus
1066 743 1086 803 lt
1101 761 1153 813 pro
1168 745 1320 811 originaria
1333 744 1472 810 gutturaii
1489 743 1564 809 aspi-

417 858 699 916 ratacenscudeest:
717 845 911 908 mcomoilm'
924 842 972 924 (gl.
987 836 1221 919 dissensiones),
1234 856 1313 896 nom.
1324 835 1563 912 mecmciclte,

417 961 444 1014 Z.
458 961 513 1023 267;
528 950 639 1012 mihil
653 945 844 1030 (Michaelis),
862 969 872 996 ι
889 945 1118 1010 Scelanaesergi
1129 959 1151 1005 ›2;
1170 934 1345 1013 ltirttpltt'tt
1361 929 1562 1012 (Cherubim),

418 1057 488 1112 Bcit.
502 1055 523 1110 1.
538 1057 599 1115 ale,
614 1053 690 1107 Stok.
706 1049 784 1106 [inid.
801 1052 847 1113 el;
863 1048 934 1101 item
955 1046 986 1100 in
1006 1044 1101 1111 glossa
1120 1041 1165 1094 Ml.
1187 1039 1223 1092 ad
1238 1039 1382 1104 psalmum
1398 1035 1510 1088 LXXIX.
1527 1037 1564 1086 2:

418 1147 625 1209 descidisiu
658 1146 716 1223 sor
748 1139 961 1202 hirnethold
995 1133 1216 1196 cooddrdois
1249 1128 1491 1208 frccbdurcos
1521 1127 1567 1187 do

418 1244 628 1325 fortaritiae
647 1239 785 1302 duuaib
806 1237 947 1298 trebaib
966 1253 1003 1294 so
1024 1234 1086 1294 dia
1105 1228 1229 1292 selred
1245 1225 1279 1308 .f.
1297 1226 1397 1308 tried
1417 1226 1566 1302 effraim

419 1350 464 1414 rl.;
493 1353 523 1402 et
549 1347 636 1415 paulo
663 1345 738 1397 infra
765 1359 772 1396 ι
799 1340 830 1397 ts
863 1333 1011 1396 doscidi
1041 1335 1098 1391 sia
1127 1347 1146 1389 a
1173 1326 1239 1387 dcte
1268 1326 1327 1403 sor
1353 1323 1567 1384 hirudinem

420 1438 696 1518 dothoist'gecht
715 1453 733 1514 7
755 1431 1028 1496 cdotmdmecbt
1048 1425 1179 1489 dooolb
1212 1422 1352 1484 credam
1376 1439 1414 1481 so
1438 1419 1485 1500 (gl.
1514 1421 1567 1500 qui

420 1542 507 1604 sedes
527 1535 630 1620 [super
643 1531 811 1614 Cherubim]
834 1548 932 1610 usque
952 1543 1116 1590 mannessc
1138 1569 1158 1583 ..
1183 1518 1222 1584 ed
1249 1520 1399 1581 indicium
1427 1520 1567 1597 potentiae

419 1639 534 1701 diuinae
563 1634 708 1698 chirubin
735 1646 855 1710 semper
883 1629 1019 1691 subiecta
1049 1625 1205 1696 dicuntur,
1236 1616 1305 1697 etc.)
1329 1623 1398 1680 209.
1431 1621 1564 1675 hibisco

420 1740 562 1808 exemplis
575 1737 678 1803 conjici
693 1739 788 1802 potest
801 1735 831 1786 in
846 1746 916 1787 voce
932 1731 990 1784 bib.
1013 1721 1119 1784 hiare
1142 1716 1282 1798 (ferrum,
1305 1720 1397 1772 camb.
1419 1709 1564 1790 haiartt)

419 1841 539 1892 fortasse
556 1836 701 1890 initialem
716 1828 737 1888 It
751 1833 907 1886 radicalem
923 1843 986 1884 esse
1000 1834 1030 1881 et
1045 1823 1251 1891 repraesentare
1266 1820 1420 1885 aspiratam
1437 1821 1566 1884 guttura·

419 1937 478 1990 lem
498 1933 691 2001 originariam,
721 1932 745 1985 si
770 1932 832 1986 haec
857 1944 912 1984 vox
936 1924 1129 1994 comparanda
1154 1922 1198 1972 est
1220 1919 1351 1984 (excepto
1366 1918 1482 1983 suffixo)
1499 1930 1566 1970 cum

419 2025 538 2080 vocibus
579 2022 744 2088 linguarum
786 2021 939 2083 affinium,
984 2022 1041 2071 vet.
1089 2017 1159 2072 slav.
1190 2010 1306 2085 zeleZO,
1340 2016 1403 2069 lith.
1434 2009 1565 2088 gelezis‚

418 2129 459 2182 gr.
476 2114 566 2181 χαλκός
579 2124 631 2178 pro
648 2115 758 2178 ’γαλχος,
773 2111 828 2164 alb.
842 2115 946 2179 χέκκουρ
960 2115 1142 2182 ριό’γελχουρ.
1160 2113 1192 2165 In
1207 2114 1254 2167 bis
1268 2115 1347 2167 enim
1361 2105 1514 2167 statuenda
1525 2116 1569 2164 est

418 2211 499 2266 radix
513 2209 583 2276 orig.
600 2209 720 2273 eflvnfl,
738 2222 829 2262 sense.
845 2202 905 2280 hvr
929 2199 1049 2282 (flecti),
1074 2209 1114 2262 ita
1126 2214 1159 2264 ut
1172 2211 1344 2277 significatio
1358 2211 1496 2265 thematis
1510 2209 1566 2263 ori-

418 2308 530 2376 ginarii,
559 2307 590 2360 in
616 2307 710 2361 forma
735 2305 847 2372 redupl.
893 2307 1136 2373 eilvldflvum,
1177 2311 1266 2365 luerit
1291 2306 1410 2382 flexile,
1441 2305 1564 2366 ductile.

418 2406 522 2460 hatinae
537 2403 593 2472 ipsi
606 2403 671 2458 voci
696 2399 824 2476 ferrum,
849 2405 944 2459 adhuc
965 2406 1156 2473 inexplicata,
1175 2409 1342 2464 verosimile
1364 2409 1457 2462 rideri
1470 2413 1568 2475 posset

418 2505 498 2558 haud
521 2503 665 2556 diversam'
695 2502 836 2567 originem
864 2517 927 2556 esse
956 2503 1149 2558 tribuendam.
1179 2506 1309 2572 aspirata
1338 2507 1417 2560 enim
1443 2501 1574 2576 latinas

419 2614 485 2666 quae
507 2583 692 2665 originariam
717 2599 873 2666 aspiratam
896 2601 1030 2655 labialem
1057 2603 1104 2656 rel
1127 2602 1273 2656 dentalem
1301 2603 1332 2656 in
1355 2617 1461 2656 vocum
1484 2602 1567 2656 initio

419 2701 616 2766 repraesentat,
643 2697 878 2764 quandoquidem
902 2699 989 2752 etiam
1012 2699 1076 2752 loco
1101 2703 1146 2752 est
1170 2699 1301 2766 aspirata
1320 2701 1474 2765 gutturalis
1488 2700 1570 2766 origi-

419 2795 519 2858 nariae,
533 2795 610 2848 utin
626 2807 697 2848 voce
712 2787 824 2867 flagro,
842 2808 907 2860 quae
924 2795 978 2848 suh
992 2795 1086 2848 lomna
1103 2793 1282 2859 reduplicata
1300 2793 1487 2859 conjungitur
1501 2807 1568 2848 cum

418 2894 514 2947 radice
530 2905 624 2947 sansc.
646 2887 723 2966 ghrit
746 2883 918 2966 (odorari).
942 2891 1009 2946 Ideo
1041 2887 1159 2948 ferrum
1186 2898 1328 2960 essetpro
1356 2885 1495 2949 *iefrum
1521 2893 1569 2946 vel

418 2985 569 3064 *februm
592 2994 622 3045 et
636 2991 747 3044 ratione
769 2989 866 3043 habita
880 2990 1048 3044 mutationis
1064 2990 1142 3044 inter
1154 2991 1273 3045 labiales
1292 2996 1321 3044 et
1341 2991 1503 3057 gutturales
1517 3005 1569 3057 pro

420 3091 574 3158 originario
592 3090 720 3144 themate
738 3089 768 3142 in
782 3090 875 3142 forma
888 3088 1068 3155 reduplicatd
1081 3089 1316 3143 dflveuflvblll.
1335 3089 1487 3143 Hibernica
1499 3103 1569 3144 vero

419 3203 475 3244 vox
495 3183 607 3244 litaret
627 3191 704 3242 esset
726 3201 778 3255 pro
804 3179 1012 3259 *begar-tt,
1046 3187 1168 3241 excussa
1190 3200 1295 3253 nempe
1320 3188 1447 3241 consona
1474 3187 1570 3244 media

419 3287 496 3341 inter
509 3287 632 3350 vocales,
647 3286 778 3353 regressa
801 3289 831 3339 et
845 3286 1037 3339 attenuatam
1059 3279 1079 3340 it
1100 3285 1224 3352 aspirata
1234 3286 1360 3340 radicali.
1372 3287 1462 3341 Aliter
1472 3291 1569 3340 tamen

420 3385 496 3436 hanc
519 3395 621 3437 vocem
648 3383 877 3448 interpretantur
899 3381 995 3444 Zeuss,
1020 3381 1147 3448 Whitley
1172 3383 1272 3438 stokes
1286 3388 1316 3438 ct
1330 3385 1405 3447 Ebel¹
1429 3383 1569 3453 quieam,

421 3479 602 3544 transpositis
616 3479 728 3543 litteris,
744 3482 865 3533 censent
879 3491 942 3532 esse
957 3491 1009 3545 pro
1028 3471 1144 3533 *isara
1164 3493 1200 3533 ex
1215 3474 1339 3536 *ibera
1359 3486 1388 3536 et
1402 3486 1571 3549 comparant

420 3591 491 3630 cum
508 3579 586 3644 goth.
604 3573 736 3634 eisarn¹.

452 3673 635 3750 Originariaj
648 3676 766 3728 evanuit
780 3676 810 3728 in
826 3674 928 3740 lingua
947 3674 1095 3728 hibernica
1108 3675 1155 3730 vel
1170 3676 1284 3730 transiit
1297 3676 1327 3728 in
1344 3677 1569 3744 respondentem

454 3873 600 3924 l.1uroce
619 3873 721 3920 vetusta
742 3871 834 3934 gallica
859 3865 1122 3926 Isarttodttratm
1144 3871 1226 3933 (seor.
1243 3873 1278 3920 lr.
1294 3872 1327 3935 gl.
1343 3887 1367 3935 p,
1385 3872 1427 3933 83)
1449 3870 1570 3936 equidem

420 3951 511 4002 dubito
525 3952 590 4016 quin
605 3951 678 4016 prior
691 3964 750 4014 pars
765 3954 901 4018 compositi
922 3946 1038 4007 ferrum
1060 3951 1195 4012 significet.
1215 3950 1256 4000 lbi
1274 3951 1360 4016 potius
1378 3950 1504 4015 particula
1519 3951 1569 4000 iui-

420 4031 491 4082 tialis
505 4028 537 4084 t's
551 4029 703 4082 conferenda
717 4029 820 4081 videtur
833 4047 893 4082 cum
905 4032 1033 4098 particula
1047 4030 1101 4081 hib.
1123 4023 1153 4082 t's
1171 4019 1290 4104 (infra),
1308 4046 1366 4096 quae
1381 4033 1447 4082 inest
1461 4031 1487 4081 in
1501 4031 1571 4081 voci-

421 4111 541 4163 bushib.
575 4105 657 4178 trel,
689 4105 762 4164 isal
787 4103 963 4244 pulcros),
987 4115 1047 4165 bril.
1070 4103 1153 4176 trel,
1180 4110 1207 4159 in
1221 4111 1331 4161 vetustis
1349 4111 1415 4161 Gall.
1445 4103 1564 4171 Isara.

422 4185 599 4263 Isurium,
627 4191 754 4258 Ἰσούριον,
806 4190 919 4260 sorel,
953 4185 1066 4260 iscla,
1092 4192 1119 4240 in
1134 4190 1267 4242 hodiernis
1288 4183 1391 4260 lsere,
1423 4181 1571 4247 Isdranet

421 4273 542 4337 pluribus
556 4273 697 4324 similibus.
