3580 5586
861 443 1052 511 TEXTUS

792 637 862 682 rte.
889 619 951 683 ΙΙΙ.
980 639 1052 684 uun.
1081 622 1124 685 ll.

386 766 417 827 id
445 768 551 828 estin
580 767 661 829 nube
683 769 822 831 aseendit
850 787 920 832 eum
950 769 1030 834 nube
1054 789 1094 834 ue

386 871 449 932 niet
473 871 504 933 id
529 874 575 933 est
601 872 634 932 in
659 888 785 950 corpere
817 893 874 937 suo
899 877 964 938 solo
988 877 1071 956 quod
1098 895 1166 940 sum

385 977 448 1054 psit
473 993 492 1037 a
519 977 642 1056 uirgine
666 980 813 1041 aseendit.
847 984 876 1042 et
903 998 974 1043 cum
1000 983 1089 1046 multi

386 1078 477 1140 sormi
505 1080 615 1141 eclesia
640 1097 710 1160 quae
735 1087 782 1144 est
803 1100 915 1164 eorpus
946 1088 1047 1166 ipsius
1075 1093 1105 1150 et
1127 1089 1177 1169 ple

301 1198 302 1202 ¹
387 1181 496 1242 nitudo
523 1183 590 1244 eius
618 1185 657 1246 ad
685 1186 833 1248 iudicium
861 1194 1015 1254 uenturus
1043 1195 1089 1254 est
1116 1193 1195 1256 sieut

386 1287 464 1348 dixit
491 1290 662 1352 seeundum
692 1293 860 1356 matheum.
891 1315 963 1358 eum
985 1299 1110 1360 hautein
1136 1297 1258 1360 uenerit
1287 1296 1371 1359 iilius

387 1393 523 1455 hominis
548 1399 578 1455 et
599 1413 707 1460 omnes
732 1401 834 1478 angeli
865 1419 936 1463 uum
966 1420 1001 1464 eo
1024 1408 1055 1465 et

388 1501 527 1581 reliqua„
557 1520 699 1568 summus
726 1508 867 1571 sacerdos
894 1511 984 1572 scidit
1010 1513 1091 1574 uesti

387 1609 492 1667 menta
512 1623 579 1668 sua.
609 1609 667 1671 hee
694 1614 741 1672 est
768 1612 909 1690 epheth1
937 1615 971 1676 in
996 1633 1057 1695 quo
1084 1617 1162 1679 habe

387 1715 460 1774 bant
486 1715 633 1776 honorem
660 1717 741 1779 iudei
764 1720 976 1784 amissurunt..
1005 1725 1068 1787 hiie

387 1815 474 1879 adest
500 1816 652 1879 samua12
682 1821 762 1882 seiso
792 1823 884 1900 pallio
911 1825 949 1887 de
975 1829 1119 1890 manibus
1146 1847 1181 1893 sa

390 1922 431 1982 di.
464 1927 494 1982 et
524 1940 641 2002 regno..
669 1927 783 1989 milites
809 1929 943 2012 gentiles
965 1949 1027 1994 nun
1056 1935 1203 1997 scindunt

389 2028 522 2089 tonicam
545 2029 664 2091 christi.
694 2033 834 2095 sacerdos
862 2051 937 2098 uero
960 2038 1075 2100 scindit
1100 2041 1153 2120 dig

389 2135 548 2196 nitatem³
575 2138 735 2199 sacerdotii
762 2139 834 2201 sui..
863 2145 892 2202 et
918 2147 1149 2222 contempuauit

389 2257 461 2302 eum
487 2259 575 2304 reum
598 2259 665 2305 esse
688 2245 819 2306 mortis..
847 2247 939 2325 quot
963 2255 1049 2312 reatu
1074 2269 1131 2314 suo

390 2351 507 2408 reatum
535 2351 676 2410 nostrum
701 2349 856 2410 solueret..
884 2354 914 2412 et
939 2358 1030 2432 sputa

389 2455 528 2516 minibus
558 2455 739 2535 suseeptis5
768 2456 877 2518 fatiam
905 2460 1016 2524 animae
1045 2477 1101 2523 uos

389 2564 444 2622 tra
468 2562 606 2624 labaret..
636 2567 666 2624 et
691 2564 844 2626 uelamine
871 2565 958 2626 iaeiei
985 2583 1023 2628 su

390 2685 435 2728 ae.
465 2667 607 2730 uelamen
633 2669 773 2732 cordium
800 2673 977 2733 nostrerum

390 2775 548 2838 auferret..
572 2780 602 2838 et
628 2774 795 2854 colophis6
822 2777 936 2856 quibus
964 2779 996 2838 in
1021 2779 1118 2857 eapite

390 2899 557 2961 percussus
584 2887 632 2944 est
653 2888 746 2962 eaput
768 2883 896 2944 humani
921 2885 1045 2962 generis
1067 2887 1150 2964 quud
1174 2890 1221 2948 est
1245 2903 1263 2949 a

392 2990 462 3051 dam
491 2992 636 3050 sanaret..
665 2992 695 3050 et
719 2988 867 3068 alaphis⁷
894 2992 1009 3070 quibus
1034 2992 1171 3054 christus

392 3098 440 3156 est
462 3094 683 3172 expalmatus8
707 3096 839 3156 maxima
867 3097 937 3157 laus
967 3096 1034 3156 eius
1061 3094 1080 3156 d
1107 3113 1164 3158 nus

394 3204 467 3264 stris
494 3203 582 3264 labiis
609 3203 814 3281 manibusque
840 3203 981 3281 pluderet
1008 3207 1043 3264 ut
1070 3203 1184 3265 dieitur

394 3328 502 3372 omnes
531 3314 638 3390 gentes
664 3310 781 3389 pludite
812 3310 980 3372 manibus..
1010 3314 1045 3371 et
1065 3327 1155 3374 uruee

394 3433 451 3477 sua
478 3415 650 3478 cruciatum
677 3419 819 3476 nostrum
847 3414 989 3476 solueret.
1016 3419 1046 3476 et

395 3525 493 3584 morte
520 3537 576 3585 sua
602 3525 732 3584 mertem
759 3523 895 3582 nostram
921 3525 1065 3583 neearet..

363 3687 367 3699 ,
395 3627 529 3707 quiade
554 3629 695 3705 serpente
722 3625 759 3686 de
784 3621 900 3704 u(i)rga
926 3622 1005 3684 iaetu
1032 3623 1085 3685 alii
1114 3623 1188 3687 obsu

398 3731 547 3792 rbeuntur
577 3731 756 3807 serpentes..
786 3726 867 3788 unde
888 3741 944 3805 per
968 3726 1117 3805 profetam
1141 3729 1224 3816 ipse.

397 3838 475 3900 dixit
499 3853 551 3898 ero
576 3852 660 3898 mors
686 3840 739 3897 tua
765 3832 784 3895 ό
810 3831 925 3896 mors9
954 3838 985 3895 et
1008 3851 1137 3899 mursus

397 3949 471 4007 tuus
495 3941 513 4005 ό
539 3943 682 4006 inferne..
712 3942 854 4020 opropria
881 3941 948 4003 eius
976 3943 1118 4002 nostrum

399 4055 560 4118 obsoluere
588 4051 791 4132 oproprium..
823 4049 947 4112 uineula
970 4049 1038 4110 eius
1065 4066 1122 4111 nos
1150 4048 1226 4110 liber

400 4178 435 4224 us
462 4161 617 4223 deerunt..
645 4172 755 4219 aurona
780 4156 882 4235 spinis
907 4154 1016 4233 eapitis

298 4313 304 4326 ‚
401 4267 469 4329 eius
498 4265 644 4329 deadema
657 4262 686 4313 10
714 4264 800 4343 regni
830 4263 932 4342 adepti
959 4277 1069 4325 sumus
1083 4259 1135 4338 11„
1162 4262 1256 4323 uulne

401 4373 488 4434 ribus
513 4372 581 4434 eius
609 4387 719 4434 sumus
744 4371 866 4432 sanati..
892 4368 1049 4447 sepulture
1072 4367 1141 4430 eius
1162 4381 1212 4430 res

403 4479 569 4558 urgimus..
598 4476 790 4541 dissensione
812 4474 850 4537 ad
878 4473 994 4536 inferes
1022 4488 1079 4535 nos

403 4584 600 4648 ascendimus
624 4583 663 4646 ad
684 4583 795 4646 eaeles..
823 4581 887 4643 hae
912 4579 1015 4642 omnia
1040 4578 1214 4658 prauidens

403 4689 521 4769 profeta
545 4689 597 4749 ait.
623 4686 699 4766 quid
722 4685 889 4747 retribuam
912 4683 1036 4746 demine
1063 4699 1119 4762 pro
1145 4681 1231 4745 omni

404 4799 465 4860 hus
490 4814 561 4878 quae
584 4795 728 4858 retribuit
753 4794 852 4856 mihi..
878 4783 908 4854 et
934 4809 1007 4856 eum
1029 4793 1110 4854 esset
1132 4794 1238 4871 petrus
1263 4791 1296 4853 in
1321 4799 1348 4852 a·
