3580 5586
639 487 710 530 ric.
735 467 795 531 lIl.
820 485 892 531 eon.
916 467 940 530 l.
1326 479 1364 536 to

205 604 236 657 z.
271 606 337 666 tuit.
366 607 439 676 itit,
464 607 589 664 connexi
615 607 740 664 tortasse
765 624 833 666 cum
859 623 923 668 voc.
950 601 1197 666 scatentibus
1229 601 1362 686 (calum)

206 723 252 778 gr.
279 719 363 783 νέφος,
398 712 450 768 tat.
479 704 595 784 nubes,
632 707 758 786 nebula,
790 717 825 772 si.
866 709 943 770 nebo
988 705 1157 792 (coelum),
1183 733 1275 789 germ.
1304 725 1362 778 vet.

205 811 300 874 nibul
333 812 498 897 (nebula),
526 828 557 880 et
584 837 650 879 cum
679 822 739 880 bib.
766 834 843 878 nem
884 814 1025 898 (coelum)
1058 839 1127 882 cum
1149 835 1180 878 m
1205 840 1258 897 pro
1287 829 1362 898 orig.

205 913 262 975 bll-
294 926 339 984 Gi.
368 928 449 984 Stok.
478 930 516 984 ir.
546 942 574 1000 p.
602 931 647 984 98.
674 929 714 986 Gi.
741 928 849 986 formas
875 931 983 1003 adjeci.
1009 936 1040 988 et
1058 931 1149 989 snbst.
1172 932 1203 986 tn
1226 931 1292 988 cod.
1312 933 1361 988 Ml.

205 1021 369 1085 uectari
403 1026 542 1087 oidmit
580 1026 727 1088 notbott
765 1027 915 1089 robatur
951 1028 1128 1107 bitempul
1156 1028 1191 1109 .).
1223 1032 1253 1090 is
1284 1028 1364 1090 indi

159 1205 162 1211 r
205 1133 400 1194 rombatcr
427 1135 634 1214 fortonqois
659 1135 858 1196 tacebatis·
881 1183 901 1195 ..
930 1154 973 1197 no
1004 1135 1164 1198 hconaib
1193 1137 1363 1216 acsqnoa'b

204 1236 359 1298 notbait
389 1238 427 1299 be·
457 1239 608 1320 robatur
638 1237 688 1322 (gi.
717 1242 750 1303 in
779 1242 872 1303 tinem
899 1257 955 1320 pro
980 1241 1093 1322 populo
1119 1244 1174 1322 qui
1200 1260 1219 1305 a
1248 1242 1363 1304 sanctis

204 1342 301 1423 longe
318 1345 486 1427 factuscst)
504 1352 572 1426 4543
597 1347 635 1408 tt
657 1344 891 1426 'foirtdetotd
911 1365 929 1424 7
951 1348 1051 1408 nothi
1074 1346 1123 1429 (gl.
1146 1349 1242 1412 uitam
1262 1366 1363 1411 meam

203 1450 271 1510 tota
315 1451 372 1512 tibi
410 1453 550 1516 commisi
587 1455 749 1516 deuotione
782 1454 803 1515 i.
841 1471 867 1515 e.
897 1455 931 1516 in
968 1455 1153 1534 perfectione
1181 1459 1211 1518 ct
1248 1457 1362 1518 seucti-

202 1554 282 1636 tate)
318 1563 387 1636 i553
414 1560 452 1620 ni
481 1560 612 1622 comeo
640 1565 738 1622 netrt
765 1579 809 1622 no
841 1562 971 1623 cltot'ne
997 1563 1228 1641 doptirernni
1254 1563 1363 1625 coitu

204 1658 297 1718 acltt
344 1661 505 1723 osterum
548 1669 670 1728 sanctos
714 1666 935 1727 coinredcbu
980 1684 1023 1727 rto
1070 1668 1234 1728 rubricis
1280 1667 1362 1727 uoto

204 1763 469 1830 dintsoc'nrc'ud
491 1773 579 1831 inno
607 1773 711 1832 nothe
739 1771 882 1832 tecttce
910 1769 959 1852 (gl.
986 1789 1048 1834 non
1069 1772 1249 1834 huiusmodi
1270 1773 1362 1834 etiam

206 1873 335 1930 sanctos
360 1887 508 1933 uocemus
533 1872 666 1934 hebreus
692 1887 766 1933 uero
792 1871 830 1933 ab
861 1889 896 1933 eo
922 1872 1004 1952 quod
1033 1876 1138 1932 sancto
1165 1873 1257 1932 ctiam
1283 1889 1362 1951 prae-

205 1969 341 2047 cipuum
370 1972 451 2034 inest
477 1975 666 2054 precipuum
692 1979 833 2038 sanctum
858 1975 1011 2054 appellare
1036 1972 1208 2054 consueuit)
1239 1981 1286 2037 80.

630 2239 702 2322 Peg.
730 2239 783 2304 tu.
813 2241 870 2304 col.
900 2239 938 2304 11.

249 2505 298 2570 Gi.
333 2512 362 2570 t.
408 2527 427 2569 a
468 2509 587 2586 fetbol
616 2511 649 2582 .).
693 2527 738 2569 ac
777 2507 884 2570 tiocli
924 2507 1073 2568 sucoird
1117 2503 1251 2588 (insigne
1276 2507 1296 2567 i.
1332 2523 1359 2569 e.

207 2612 429 2675 indumentum
455 2613 644 2696 sacerdotis).
674 2648 715 2661 -
746 2616 865 2693 seito(
905 2613 1066 2696 (insigne,
1107 2611 1359 2693 ornamentum),

206 2743 289 2786 nom.
324 2731 398 2800 sing.
435 2731 610 2787 substantivi
636 2735 717 2788 naut.
755 2730 833 2787 obvii
866 2731 897 2786 in
924 2733 992 2787 Dav.
1027 2729 1118 2787 Gloss.
1150 2719 1294 2798 fecittot
1324 2721 1359 2801 .).

206 2829 398 2890 comcrtto
433 2849 477 2891 no
503 2836 602 2892 minc
631 2829 665 2910 .).
697 2849 802 2909 opusc
828 2848 873 2890 co
901 2830 1107 2905 comurtbo;
1138 2835 1219 2892 Stok.
1250 2836 1292 2891 th.
1321 2837 1359 2893 tr.

206 2947 246 3018 gl.
260 2963 290 3018 p.
304 2950 348 3004 87.
364 2949 406 3006 ci.
426 2949 491 3006 ou.
516 2942 661 3020 factitat
700 2937 787 3021 (angl.
815 2936 897 3019 fur);
932 2946 1005 3016 gaci.
1040 2936 1188 3014 scotto(
1223 2934 1358 3018 (vellus).

204 3053 294 3109 Amre
319 3054 380 3110 col.
403 3047 594 3124 sinnetltot
619 3046 757 3124 srcstct
775 3043 810 3124 .(.
832 3048 862 3104 is
889 3045 973 3122 sinn
1003 3061 1048 3104 no
1077 3046 1109 3103 ts
1134 3040 1361 3102 tcttncmeeb

205 3153 247 3210 in
272 3152 393 3229 setta(
418 3149 479 3212 dio
505 3151 678 3212 cuneatur
707 3150 877 3229 frestbol.

249 3265 278 3319 5.
309 3258 441 3320 tonuit
478 3259 569 3320 sctit
606 3259 716 3320 critic
751 3275 795 3318 no
828 3258 941 3318 tonat
965 3255 1208 3318 sleidmcnoa'b
1237 3252 1361 3334 (sputa-

206 3363 347 3426 minibus
382 3366 535 3444 susceptis
568 3365 619 3427 vel
655 3363 822 3444 saniebus).
853 3396 894 3409 -
935 3362 1083 3438 tonaio,
1128 3383 1219 3441 praep.
1249 3362 1268 3420 o'
1294 3384 1360 3426 cum

208 3479 335 3537 articulo
360 3481 391 3538 in
419 3481 477 3538 dat.
507 3483 548 3553 pt.
561 3507 603 3521 -
628 3472 720 3534 seith
750 3467 1014 3550 (sputaminibus),
1042 3478 1102 3534 dat.
1127 3476 1168 3546 pl.
1186 3474 1361 3531 substantivi

208 3581 278 3640 iem.
318 3577 420 3653 seue,
463 3586 589 3643 connexi
625 3601 694 3642 cum
729 3583 852 3643 vocibus
889 3597 985 3639 sansc.
1027 3572 1114 3654 saliit
1156 3569 1271 3652 (aqua),
1317 3593 1360 3648 gr.

208 3701 295 3763 σάλος,
324 3702 379 3764 ate,
407 3693 459 3750 lat.
501 3687 562 3763 sal,
607 3687 724 3762 salum,
770 3684 875 3746 saliva.
928 3713 969 3728 -
1005 3681 1117 3742 erttc'b
1160 3677 1358 3761 (susceptis),

208 3797 269 3856 dat.
299 3797 341 3870 pl.
378 3801 528 3872 participii
554 3796 668 3853 etrite
708 3787 920 3872 (susceptus).
969 3795 1187 3854 substantivum
1227 3788 1361 3846 ciritio

211 3898 384 3980 (receptio,
429 3903 602 3981 susceptio,
646 3897 834 3980 assumptio)
882 3907 1024 3977 frequens
1056 3909 1102 3962 est
1136 3905 1167 3960 in
1197 3903 1359 3971 codicibus,

208 4013 236 4068 Z.
285 4015 347 4070 268.
390 4017 454 4071 tto.
505 4017 567 4073 830.
615 4014 745 4072 Dentatis
794 4014 892 4070 tenuis
940 4027 1000 4068 non
1050 4011 1160 4068 iniecta
1208 4024 1359 4067 excussam

209 4120 336 4177 nasaiem
388 4123 509 4179 indicat.
549 4125 618 4178 Haec
664 4121 758 4178 forma
806 4123 1008 4178 connectenda
1059 4126 1104 4177 est
1153 4133 1219 4176 cum
1269 4120 1359 4178 verbo

207 4217 392 4292 orfotmed
422 4214 621 4298 (suscipere);
663 4225 703 4282 ci.
750 4234 801 4278 mo
842 4216 1035 4294 orsotmom
1064 4213 1106 4296 (si
1137 4212 1357 4295 suscipimus),

207 4321 342 4380 oirema
377 4318 579 4401 (suscipiat),
610 4318 764 4381 troimcd
803 4316 1001 4400 (suscipito),
1027 4330 1055 4383 z.
1083 4327 1147 4382 371.
1168 4328 1248 4383 1003.
1275 4325 1355 4382 Stok.

1177 4421 1195 4477 t
