3580 5586
700 429 928 494 Pessime.
1373 457 1392 499 v

247 572 359 623 tantum
396 567 540 635 conjicere
573 567 657 631 licet,
690 567 779 635 hujus
817 569 1007 634 separationis
1044 569 1198 637 periodum
1236 584 1391 626 romanum

246 678 341 718 aevum
370 663 560 730 precessisse.
590 663 699 716 Harum
728 664 915 732 varietatum,
953 671 1097 734 quatenus
1125 681 1161 722 ex
1187 667 1392 734 superstitibus

247 762 430 818 documentis
458 765 578 826 constat,
604 762 712 828 duplex
738 765 782 816 est
807 762 885 826 ordo;
914 764 1037 817 varietas
1061 763 1173 818 scilicet
1192 759 1347 824 hibernica
1363 768 1394 818 et

246 840 471 916 britannicae
494 859 591 926 priore
611 857 746 911 derivatae
768 861 837 911 sunt
859 857 958 924 lingua
981 859 1130 912 hibernica
1148 863 1271 926 vetusta,
1297 862 1394 916 media

247 962 278 1012 et
304 957 458 1020 hodierna,
486 955 595 1023 paelice
627 967 692 1022 quae
719 953 750 1007 in
776 953 878 1008 Scotiae
904 955 1052 1008 montibus
1086 959 1116 1008 et
1139 955 1230 1022 magis
1258 961 1394 1025 corrupta

248 1056 389 1110 dialectos
416 1067 480 1122 quae
506 1052 658 1106 ininsula
686 1051 769 1105 iloni
794 1051 889 1107 adhuc
913 1053 943 1106 in
971 1068 1027 1107 usu
1053 1058 1105 1108 est.
1132 1054 1258 1110 varietas
1284 1055 1392 1110 britan-

248 1149 315 1204 nica
337 1149 466 1216 linguam
494 1146 683 1209 cambricam,
713 1145 860 1198 cornicem
887 1159 918 1200 er
943 1148 1131 1202 aremoricam
1160 1149 1391 1216 comprehendit.

249 1247 402 1314 Utriusque
426 1245 572 1300 varietatis
596 1242 769 1296 documenta
789 1242 962 1310 antiquiora,
986 1257 1050 1310 quae
1068 1249 1235 1312 supersunt,
1253 1248 1393 1302 saeculum

249 1347 383 1398 octavum
411 1343 457 1396 vel
483 1341 639 1410 septimum
675 1353 811 1407 superare
845 1355 905 1396 non
932 1343 1076 1397 videntur.
1107 1345 1126 1397 ll
1160 1345 1258 1412 lingua
1292 1347 1394 1413 gallica

248 1444 420 1507 vetustiore,
453 1455 519 1510 quae
542 1454 730 1496 romanorum
758 1443 842 1494 aetate
863 1441 988 1506 vigebat,
1013 1441 1054 1494 nil
1083 1447 1195 1506 manet,
1219 1444 1244 1498 si
1268 1445 1393 1512 excipias

249 1542 391 1598 nonnulla
428 1540 567 1595 vocabula
600 1545 629 1594 et
666 1540 785 1594 nomina
818 1552 835 1592 a
868 1540 1056 1606 scriptoribus
1094 1542 1192 1598 latinis
1228 1547 1257 1598 et
1293 1544 1393 1611 graecis

249 1643 374 1701 servata,
396 1651 556 1706 perpaucas
578 1638 783 1705 inscriptiones
809 1642 839 1692 et
859 1639 1042 1706 copiosiores,
1069 1645 1103 1694 ut
1123 1640 1259 1708 equidem
1278 1653 1392 1706 censeo,

248 1739 401 1807 reliquias,
432 1749 496 1805 quae
523 1737 554 1792 in
581 1737 688 1804 linguis
716 1737 872 1792 romanicis
902 1736 1113 1791 recentioribus
1140 1737 1324 1791 delitescunt.

281 1836 373 1890 Pauca
403 1835 466 1889 haec
489 1834 524 1889 de
552 1835 716 1901 linguarum
744 1834 911 1888 colticarum
932 1835 1041 1902 origine
1060 1840 1090 1889 et
1112 1834 1299 1889 varietatibus
1319 1847 1392 1901 prae·

251 1933 391 1987 mittenda
418 1937 511 2000 erant,
538 1935 692 1999 antequam
718 1933 753 1985 de
774 1931 874 1998 lingua
900 1931 1051 1986 hibernica
1069 1933 1191 1996 vetusta,
1214 1945 1272 2000 qua
1292 1932 1394 1998 glossae

250 2032 356 2086 codicis
380 2032 554 2086 taurinensis
591 2031 759 2098 conscriptae
782 2036 859 2094 sunt,
884 2033 1069 2087 disseramus.
1091 2033 1158 2096 Quae
1182 2032 1310 2100 quidem,
1330 2035 1393 2085 tum

249 2127 409 2180 formarum
439 2126 626 2190 abundantia,
656 2126 815 2181 flexionum
847 2127 978 2181 ubertate
1009 2129 1039 2180 et
1068 2127 1302 2191 conservatione,
1329 2129 1394 2179 tum

250 2223 337 2276 etiarn
360 2224 602 2278 documentorum
627 2225 710 2290 copie
733 2228 763 2278 et
785 2228 937 2288 vetustate,
960 2227 994 2278 ut
1009 2225 1083 2279 bene
1101 2227 1182 2279 notat
1199 2224 1285 2278 Zeuss
1305 2236 1394 2290 quem

250 2321 403 2388 sequimur
436 2323 626 2390 magistrum,
665 2329 783 2378 eaeteras
816 2324 934 2378 celticas
969 2324 1084 2390 linguas
1119 2322 1202 2376 facile
1241 2325 1359 2388 superat
1374 2323 1393 2370 ¹.

251 2423 339 2477 'lanta
377 2427 475 2478 autem
512 2424 731 2492 compositionis
766 2424 796 2478 vi
831 2423 934 2490 pollet,
968 2427 1001 2476 ut
1029 2436 1104 2490 saepe
1137 2435 1230 2478 unum
1258 2421 1395 2489 idemque

252 2519 425 2572 vocabulum
455 2519 638 2574 hibernicum
666 2519 814 2574 contineat
840 2519 928 2572 simul
954 2519 1019 2572 fuse
1047 2522 1077 2572 et
1102 2517 1294 2572 coalescentia
1320 2517 1395 2570 radi-

252 2627 329 2678 cem,
362 2614 586 2678 derivationem,
627 2614 882 2678 terminationem,
922 2613 1084 2680 simplicem
1117 2615 1164 2668 vel
1202 2613 1395 2680 multiplicem

251 2695 486 2780 praepositionem
507 2711 666 2779 praefixam,
693 2710 864 2778 particulam
892 2709 1038 2763 verbalem
1059 2713 1088 2763 et
1113 2709 1286 2776 pronomina
1307 2710 1396 2764 infixa

252 2815 282 2866 et
311 2811 415 2864 suffixa
428 2811 448 2865 ¹.

285 3026 307 3077 l.
322 3027 350 3076 Ζ.
365 3027 410 3075 Gr.
427 3025 490 3078 cett.
506 3026 561 3074 xn.

283 3106 308 3156 2.
323 3104 395 3165 Ebel,
410 3105 489 3154 Beitr.
504 3106 536 3154 V.
553 3105 562 3154 l
579 3106 605 3154 et
617 3117 671 3168 seq.

284 3185 429 3250 Composita
439 3185 585 3248 originaria,
596 3198 655 3250 quae
666 3185 721 3248 jam
730 3183 857 3248 conjicere
871 3183 932 3234 licet
946 3183 972 3234 iu
986 3197 1035 3234 usu
1048 3183 1130 3234 fuisse
1143 3185 1201 3234 ante
1214 3181 1400 3248 dispersionem

253 3267 347 3317 arianae
361 3265 453 3328 gentis,
475 3264 575 3314 duobus
594 3264 724 3329 praecipue
746 3263 869 3314 membris
882 3263 1036 3324 constantia,
1052 3277 1162 3327 quorum
1175 3263 1249 3328 prius
1267 3266 1306 3312 est
1319 3261 1401 3312 forma

253 3345 392 3396 nominalis
409 3345 436 3394 in
449 3343 519 3393 nudo
533 3344 643 3394 themate
657 3344 697 3393 vel
711 3357 770 3393 cum
784 3343 904 3400 tlexione,
923 3343 1052 3408 posterius
1073 3347 1112 3393 est
1129 3343 1215 3393 thema
1233 3342 1401 3408 procedense

254 3425 339 3476 radice
353 3424 462 3486 verbali,
477 3423 587 3488 vestigia
601 3423 656 3474 sine
671 3423 751 3473 dubio
765 3423 927 3488 reliquerunt
949 3423 977 3472 in
1000 3423 1089 3486 lingua
1111 3423 1257 3485 bibemiea,
1283 3423 1351 3472 sieut
1372 3422 1400 3472 in

253 3505 354 3556 caeteris
367 3505 482 3568 cognatis
496 3504 602 3568 linguis.
620 3506 717 3553 Verum
730 3505 786 3554 baec
799 3504 952 3568 composita,
968 3517 1027 3568 quae
1040 3508 1180 3568 supersunt
1194 3503 1220 3552 in
1237 3503 1336 3552 celticis
1349 3502 1398 3551 lin·

253 3586 320 3650 guis,
336 3589 398 3636 sunt
408 3585 471 3635 adeo
485 3585 563 3634 simul
577 3582 636 3634 fusa
649 3587 674 3634 et
686 3583 762 3648 longo
775 3599 825 3634 usu
840 3584 941 3646 detrita,
956 3587 1081 3634 uteorum
1095 3583 1276 3648 decompositio
1286 3583 1400 3633 etinter-

253 3665 363 3731 prelatio
385 3665 459 3714 valde
481 3665 579 3714 ineerta
603 3667 628 3714 et
651 3663 769 3714 difficilis
789 3665 831 3713 sit.
857 3667 909 3714 Nec
929 3663 1034 3714 mirum.
1057 3667 1087 3714 ln
1110 3664 1210 3714 celticis
1223 3663 1291 3713 enirn
1305 3661 1401 3725 linguis

254 3745 436 3797 conscientiam
448 3744 521 3794 verbi
534 3743 668 3808 originarii
681 3745 824 3810 praecocius
838 3744 946 3808 periisse
960 3743 1166 3794 verosimileest.
1181 3746 1213 3792 ut
1222 3743 1273 3792 alia
1285 3755 1317 3792 ex
1330 3745 1402 3806 parte

252 3827 305 3889 jam
319 3826 347 3875 in
359 3824 552 3890 antiquioribus
571 3823 668 3888 linguis
683 3825 819 3888 ssuseritt,
835 3829 917 3887 graeca
930 3827 955 3874 ei
968 3824 1059 3884 latini,
1072 3825 1146 3888 juxta
1161 3824 1290 3887 regulares
1303 3835 1402 3886 compo

255 3907 364 3958 sitorum
377 3905 552 3968 formationes,
568 3903 626 3954 aliae
640 3903 732 3954 formae
745 3904 921 3968 irregulariter
933 3908 1070 3954 contractae
1079 3905 1255 3966 inveniuntur3
1268 3903 1366 3952 radices
1377 3905 1402 3952 et

254 3986 366 4036 themata
380 3985 476 4050 quibus
489 3987 620 4044 constant,
635 3997 686 4034 non
699 3992 799 4049 semper
810 3988 910 4035 servata
923 3989 984 4035 sunt
1000 3985 1149 4049 separatim,
1169 3988 1194 4035 et
1208 3997 1289 4049 quum
1302 3985 1402 4034 servata

254 4070 333 4126 sunt,
357 4080 409 4116 non
433 4078 534 4130 semper
555 4065 723 4128 originariam
747 4064 960 4128 significationem
983 4065 1152 4115 retinuerunt.
1182 4065 1303 4129 Exempla
1325 4066 1402 4113 sunto

254 4147 333 4198 unius
355 4150 454 4198 tautum
468 4146 545 4197 seriei
558 4147 713 4210 composita,
732 4160 842 4210 quorum
862 4146 1017 4210 significatio
1036 4145 1175 4208 originaria
1188 4145 1238 4194 luit
1253 4139 1401 4198 flexuose·

255 4220 332 4296 iens,
348 4219 514 4282 flexuosus.
532 4227 677 4292 Composita
690 4228 817 4290 regularia
831 4235 836 4278 ἑ
851 4218 881 4300 a)
902 4241 961 4277 cum
974 4226 1044 4276 nudo
1057 4227 1168 4277 themate
1183 4225 1308 4289 inpriore
1321 4237 1399 4274 mem-

255 4306 302 4358 bro
318 4324 323 4355 :
342 4319 424 4357 sansc.
439 4299 583 4362 kalareva
599 4297 784 4381 (columba),
800 4307 953 4358 extremae
966 4299 1036 4362 kala
1048 4321 1062 4359 e
1075 4305 1129 4358 rad.
1144 4301 1200 4361 kar
1216 4295 1345 4380 (flecti),
1367 4303 1400 4354 cf.
