3580 5586
646 427 717 472 sio.
740 407 783 472 ΙΙ.
807 426 879 472 con.
902 407 927 470 1.
1324 417 1361 474 ab

211 550 250 620 gi.
275 553 325 608 ln.
355 554 376 608 1.
408 545 593 612 u.-ivtoc
614 539 747 602 scotiae
769 538 812 600 do
836 537 954 600 christ
980 536 1125 621 (ecclesio
1146 539 1186 603 ad
1206 537 1363 604 Christum

209 654 256 711 vei
291 665 351 726 pro
382 643 529 728 Christo).
565 646 698 708 scotiae
722 661 768 711 est
796 667 864 724 gen.
887 655 963 724 sing.
989 654 1161 711 substantivi
1187 654 1255 711 iem.
1281 660 1362 712 tran·
1422 690 1425 698 ·

208 763 324 832 sumpti
363 754 478 813 calais
519 749 682 832 (eeclesia).
719 760 762 817 Ob
799 761 995 815 assonantiam
1029 760 1093 816 haeo
1120 759 1213 816 torma
1242 761 1363 829 genitivi

207 868 287 922 mira
316 865 458 924 scribitur
476 867 644 924 diversitate
662 865 693 921 iu
712 863 864 922 codicibus
890 855 1057 919 conuolsa
1080 857 1197 918 ecolso
1223 858 1364 920 uooolsa

206 966 389 1028 cucuilise
414 966 533 1026 ecttse.

249 1075 302 1133 ib.
334 1069 437 1130 Amal
455 1071 650 1146 forceutar
669 1066 943 1129 caticbomutdt
964 1068 1006 1128 Ito
1034 1070 1193 1131 socordd
1220 1069 1364 1131 hiiosoh

206 1194 297 1238 acus
322 1176 564 1238 mdcitbsetar
589 1191 672 1234 eccs
698 1174 795 1234 omni
814 1177 986 1252 uoiaqter
1011 1178 1130 1236 iarum
1159 1175 1201 1237 ito
1226 1193 1360 1256 opscop.

207 1285 253 1348 sic
300 1285 376 1346 dan
417 1281 677 1344 iuiiodurscoo
718 1281 856 1342 toireio.
902 1283 1060 1359 foratici
1103 1286 1217 1343 iunco
1256 1281 1364 1343 dodae

205 1405 297 1449 cous
325 1384 553 1449 cmbaitbsed
584 1383 621 1444 ba·
654 1383 788 1445 tornet.
819 1403 904 1446 ocus
935 1385 1152 1464 rootuqttea
1180 1390 1300 1448 iarum
1321 1386 1363 1447 ivo

205 1497 331 1557 christ
356 1493 391 1574 ,1.
417 1491 688 1571 rosoirbtbiqed
718 1492 760 1553 lto
789 1493 907 1554 ebriet
932 1511 1018 1556 acus
1043 1495 1198 1573 sorcucd
1224 1495 1363 1573 iupa-tm

206 1599 445 1660 tindarscan.
471 1596 635 1658 totuin...
661 1595 751 1671 (siout
772 1597 968 1662 instruuntur
989 1596 1200 1661 catechumeni
1221 1615 1239 1660 a
1261 1613 1362 1661 saeer-

206 1705 281 1768 dote
320 1705 353 1768 in
392 1705 481 1767 initio
517 1709 548 1767 et
579 1703 776 1784 baptizantur
810 1706 840 1766 et
871 1703 952 1767 siout
987 1709 1150 1784 unguntur
1184 1709 1289 1786 postea
1323 1705 1362 1770 ab

206 1814 372 1893 episcopo,
400 1813 444 1874 sic
472 1811 563 1874 etiam
595 1810 719 1890 ineoepit
748 1808 904 1902 iohannes
937 1811 1173 1874 instructionem
1200 1813 1362 1876 hominum

206 1920 239 1979 et
267 1935 377 1980 eorum
405 1918 593 1996 baptismum
622 1916 656 1977 in
681 1914 767 1977 initio
796 1919 826 1978 et
852 1915 937 1977 uncti
961 1921 1034 1980 sunt
1063 1919 1168 1994 postea
1195 1932 1214 1979 a
1241 1917 1362 1982 Christo

206 2025 227 2083 i.
261 2039 293 2085 e.
321 2025 489 2104 perfeetum
517 2025 565 2086 est
593 2037 611 2083 a
638 2019 759 2084 Christo
796 2023 827 2084 et
865 2021 989 2083 finitum
1023 2038 1102 2102 opus
1128 2022 1211 2100 quod
1237 2023 1363 2103 incoepit

208 2129 394 2213 iohannes).
442 2164 484 2178 -
529 2131 724 2208 [creantur
759 2126 1001 2208 (instruuntur),
1039 2139 1164 2208 dpers.
1192 2139 1270 2209 plur.
1298 2139 1359 2196 iud.

208 2261 302 2318 praes.
338 2263 415 2318 pass.
443 2245 524 2304 verbi
559 2235 766 2316 forcbouim
799 2235 868 2313 (alit
895 2243 990 2299 forma
1013 2234 1170 2313 [orditura
1205 2237 1357 2320 praecipio,

208 2343 325 2426 doceo)
352 2368 447 2423 comp.
487 2363 579 2422 praep.
620 2343 680 2420 sor
717 2356 748 2406 et
775 2351 838 2407 rad.
874 2352 960 2418 iiiii,
990 2367 1019 2409 v.
1052 2353 1092 2421 gi.
1117 2353 1140 2408 i.
1166 2353 1188 2409 1.
1218 2354 1253 2420 5,
1283 2353 1360 2410 unde

208 2449 370 2524 [orcitai
396 2445 563 2528 (doctrine,
593 2445 788 2529 instructio),
817 2445 992 2525 fortititd
1017 2443 1215 2528 (praeceptor)
1242 2457 1271 2512 z.
1295 2457 1358 2516 dio.

209 2563 274 2618 780.
306 2563 370 2623 8115.
395 2565 448 2618 iiio
475 2565 505 2618 in
534 2556 730 2633 forcoutcr
757 2577 887 2620 consona
904 2561 1041 2619 radicalis
1065 2571 1086 2613 o*
1110 2575 1168 2617 non
1187 2565 1233 2616 est
1251 2560 1360 2618 iniecta

208 2667 248 2724 ob
282 2670 497 2738 praecedentem
526 2669 764 2740 conjunctionem
798 2661 895 2722 omui
928 2683 994 2740 quae
1021 2671 1160 2741 supponit
1190 2673 1359 2740 sequentem

211 2777 397 2844 relationem
421 2779 459 2834 ci.
490 2776 561 2834 Ebel
586 2779 661 2834 Bait.
691 2779 723 2832 V.
748 2780 793 2839 aa.
820 2801 860 2815 -·
887 2768 1163 2831 ccthcbomuc'dt'
1198 2766 1359 2850 (catechu-

208 2871 321 2954 meni),
338 2897 413 2938 nom.
444 2883 484 2953 pl.
512 2884 687 2940 substantivi
712 2873 1011 2938 cattctomuttte
1035 2885 1112 2954 quod
1125 2885 1258 2941 occurrit
1271 2885 1359 2940 etiarn

208 2986 289 3041 inira
314 2987 344 3042 in
366 2999 444 3042 nom.
474 2986 515 3057 pl.
546 2981 585 3039 itt
609 2977 909 3041 condedotmutdi
937 2989 978 3059 gl.
1006 2991 1042 3047 11.
1068 2992 1102 3046 ΙΙ.
1133 2994 1161 3047 6.
1192 2991 1252 3047 Vox
1278 2995 1359 3047 trau·

210 3095 329 3159 sumpta
362 3105 428 3147 cum
458 3091 664 3146 terminatione
701 3071 865 3150 hibernica.
896 3124 931 3136 -
956 3085 1101 3148 hitoscit
1139 3095 1295 3164 legendum
1323 3085 1362 3146 bi

209 3190 338 3249 tosocb
366 3189 416 3270 (in
441 3189 539 3268 initio,
553 3189 714 3272 primum),
728 3201 790 3258 dat.
804 3202 878 3271 sing.
896 3202 989 3258 subst.
1011 3194 1152 3271 tusani,
1178 3203 1250 3272 gui.
1265 3203 1301 3257 li.
1315 3205 1359 3258 11.

207 3333 249 3344 -
262 3297 501 3360 micitisetur
517 3295 748 3382 (baptizantur).
764 3301 795 3361 m
809 3315 854 3365 est
878 3311 993 3379 signum
1022 3310 1173 3367 relationis
1201 3325 1218 3366 a
1247 3324 1361 3382 praece-

209 3414 300 3469 dente
325 3411 533 3480 conjunctione
571 3404 666 3464 amul
703 3415 863 3484 requisitae.
905 3406 1121 3483 tatttsetar,
1153 3417 1171 3473 3
1206 3429 1283 3486 pers.
1317 3415 1360 3486 pi.

210 3533 299 3589 praes.
336 3517 394 3572 ind.
424 3531 501 3586 pass.
530 3518 612 3574 verbi
641 3509 789 3570 bcttstm
815 3521 845 3574 z.
879 3521 942 3580 irbi.
973 3523 1014 3576 De
1045 3520 1099 3577 hoc
1134 3523 1223 3578 verbo
1259 3527 1289 3578 et
1324 3519 1360 3576 de

211 3627 332 3683 nomine
368 3615 505 3677 battuta
545 3613 782 3697 (baptismum)¹
815 3626 954 3684 disseruit
990 3628 1070 3694 Ebel,
1108 3631 1180 3686 Bait.
1216 3631 1260 3686 iv.
1295 3632 1358 3685 17⁴.

207 3756 250 3769 —
279 3727 453 3800 uoiupter
486 3722 688 3806 (unguntur).
719 3744 740 3786 rt
767 3739 812 3790 est
852 3735 967 3806 siguum
1011 3737 1173 3793 relationis.
1214 3731 1359 3805 otuqter

212 3839 322 3909 dpers.
340 3841 379 3911 pl.
396 3855 482 3910 praes.
500 3842 560 3899 ind.
576 3857 653 3914 pass.
675 3873 710 3885 -
737 3833 956 3913 rootoqttea
979 3834 1083 3915 (uncti
1096 3831 1203 3915 suni),
1232 3843 1249 3897 3
1279 3855 1357 3912 pers.

211 3948 252 4018 pi.
286 3954 371 4019 praet.
406 3963 482 4018 pase.
515 3965 542 4007 v.
570 3951 650 4020 gii.
678 3953 698 4008 Ι.
723 3952 751 4008 3.
778 3953 805 4012 iv.
828 3942 1110 4004 -amoatttsed
1136 3938 1258 4020 (eorum
1282 3939 1357 4020 bap-

210 4046 373 4130 tismum).
412 4067 467 4110 um
504 4064 550 4115 est
600 4071 683 4129 pron.
731 4060 924 4129 possessivum
963 4060 980 4114 3
1022 4072 1100 4128 pers.
1143 4056 1182 4127 pl.
1223 4057 1249 4112 Z.
1292 4057 1355 4118 31⁸5.

211 4159 380 4219 boitbsed
407 4173 452 4223 est
482 4167 575 4224 subst.
602 4165 729 4236 verbale,
758 4181 810 4223 seu
834 4167 1003 4224 infinitivus.
1021 4191 1061 4205 -
1081 4154 1355 4235 rofoirbiitiped

216 4263 395 4343 perfectum
410 4262 513 4344 est)‚3
540 4287 618 4344 pers.
642 4273 716 4342 sing.
741 4279 827 4343 praet.
842 4286 920 4343 pass.
940 4271 1021 4329 verbi
1048 4270 1170 4328 derivati
1186 4271 1353 4341 apartioip.
