3580 5586
403 421 442 478 52
831 430 900 474 rac.
923 410 978 474 iv.
1002 428 1074 475 con.
1098 410 1122 474 Ι.

403 553 593 614 causalibus
626 551 819 621 dialectum,
851 551 1002 608 nonnullis
1029 551 1061 607 ln
1091 549 1211 616 formis,
1239 550 1381 623 majorem
1409 551 1550 611 ambitum

403 660 576 718 concedere.
592 662 646 715 lies
668 665 714 716 est
735 673 801 730 quae
827 657 1065 728 diligentioribus
1092 662 1159 726 eget
1185 657 1449 728 disquisitionibus.
1475 659 1552 718 Illud

403 765 552 836 praecipue
578 763 769 834 quaerendum
808 763 969 830 videretur,
1010 777 1047 818 an
1074 762 1191 820 scilicet
1224 764 1255 818 in
1294 767 1552 824 terminationibus

402 861 488 936 -bda',
522 860 618 937 -bda',
648 860 749 936 -boe‚
781 859 841 920 -be
870 868 960 923 lateat
973 880 1136 937 pronomen
1155 867 1299 924 suffixum.
1319 895 1360 906 -
1382 864 1552 922 ictccstc

402 967 513 1048 (tunc),
545 977 610 1032 adv.
640 989 718 1032 nom.
748 975 785 1030 ad
812 975 870 1031 litt.
899 967 957 1028 hoc
986 971 1131 1044 tempore.

442 1081 471 1135 2.
502 1073 689 1152 dosorlca'c
713 1071 783 1131 doc
813 1068 917 1151 (cessit
944 1069 1005 1152 ...).
1032 1103 1073 1117 -·
1099 1071 1300 1150 dosorlcic,
1330 1086 1348 1141 3
1374 1098 1453 1155 pers.
1473 1087 1550 1159 sing.

402 1192 488 1258 praet.
516 1187 597 1244 verbi
629 1186 784 1256 compositi
818 1185 929 1255 duplici
970 1187 1178 1256 praepositione
1219 1179 1349 1258 tio-sor
1389 1197 1420 1248 et
1451 1193 1551 1250 radice

403 1296 463 1352 bib.
491 1288 555 1363 lic,
588 1296 663 1363 orig.
683 1295 748 1361 lth,
769 1307 864 1350 senso.
885 1284 934 1345 rili
952 1283 1159 1368 (relinquere),
1182 1294 1233 1351 lat.
1257 1289 1379 1370 linquo,
1406 1315 1451 1370 gr.
1465 1309 1550 1371 λεεπως

402 1401 550 1459 schleich.
564 1399 665 1470 Comp.
679 1400 743 1454 257.
757 1401 861 1454 Forma
875 1400 998 1470 simplex
1016 1413 1095 1470 saepe
1113 1401 1221 1458 obvia:
1250 1394 1317 1454 leic
1345 1393 1452 1477 (sine),
1480 1397 1552 1460 ieie

403 1497 487 1558 cdii
522 1495 608 1576 (sine
642 1512 662 1556 a
693 1495 754 1575 tc),
793 1494 900 1556 toreca
938 1493 1043 1578 (sinit)
1088 1507 1116 1560 z.
1146 1507 1209 1566 [157.
1239 1505 1293 1562 Eb.
1322 1508 1395 1564 Bell.
1425 1507 1549 1578 ll.157;

403 1599 575 1677 ldiofide'r
605 1596 810 1681 (concedetur)
840 1609 869 1663 z.
894 1610 963 1675 [1693
995 1601 1102 1661 leicsc’
1127 1597 1269 1682 (dimisit,
1297 1600 1399 1684 cessit)
1421 1611 1550 1668 Ml.110.

403 1713 484 1771 Stok.
530 1713 612 1770 Goid.
669 1714 720 1776 21,
767 1717 847 1778 etc.;
894 1724 961 1767 cum
1007 1726 1100 1783 praep.
1137 1712 1285 1782 praefixis,
1330 1709 1552 1770 courcirloo'c

404 1807 582 1889 (permisit),
623 1807 918 1870 coacirlec'cilter
963 1805 1172 1889 (admittitur)
1216 1819 1245 1874 z.
1285 1819 1346 1879 uec.
1392 1820 1464 1887 8523
1507 1811 1552 1872 do

371 1915 689 1978 cloomoe'rleciud
734 1918 772 1976 ire
808 1916 938 1994 popuii
984 1934 1022 1976 cs
1067 1919 1105 1976 ic
1147 1916 1247 1978 doira·
1290 1917 1340 2000 (gl.
1376 1919 1410 1980 in
1446 1921 1553 1980 remis·

405 2023 524 2086 sionem
558 2019 760 2103 captiuitatis)
804 2030 855 2085 Ml.
896 2031 959 2098 2523
997 2024 1034 2080 ua·
1066 2021 1229 2081 'torticia
1266 2019 1323 2102 (ne
1361 2024 1549 2106 sequamini)

404 2131 432 2186 Z.
459 2129 520 2196 27l13
549 2129 700 2204 torloic,
730 2128 869 2189 tortum
895 2137 944 2202 (he
972 2137 1053 2208 gave)
1079 2136 1151 2193 O'lt.
1173 2128 1298 2188 -doc
1325 2142 1423 2207 posset
1451 2136 1552 2193 haberi

405 2257 459 2314 pro
487 2259 579 2316 praep.
612 2235 655 2296 do
682 2259 749 2302 oum
777 2243 902 2300 articulo
940 2242 1045 2311 indum
1084 2243 1136 2298 sed
1166 2241 1309 2298 articulus
1343 2242 1406 2296 sine
1433 2243 1551 2300 nomine

405 2350 538 2418 sequenti
564 2363 708 2420 nusquam
732 2350 872 2406 occurrit.
900 2350 1033 2404 Fortasse
1061 2361 1167 2404 nomen
1197 2354 1314 2418 (nempe
1338 2339 1474 2421 aucillae)
1505 2349 1551 2406 vel

406 2452 528 2510 oblitum
556 2455 604 2510 hic
633 2460 678 2510 est
705 2469 722 2509 a
745 2453 905 2524 glossatore
933 2454 979 2510 vel
1006 2456 1200 2525 suppositum.
1228 2455 1280 2510 Vir
1305 2455 1382 2511 enim
1403 2457 1553 2527 conjicere

405 2558 479 2614 licet
505 2559 661 2628 legendum
689 2573 754 2615 esse
781 2551 872 2612 douo
905 2550 999 2633 (erge,
1030 2548 1148 2631 igitur).

447 2665 476 2720 3.
507 2658 573 2736 deq
608 2656 709 2719 roboc·
744 2663 905 2738 inspirari
938 2661 1021 2721 colb
1052 2661 1119 2722 less
1152 2658 1311 2742 (quoniam
1335 2666 1400 2725 erat
1425 2664 1552 2743 spiritus

406 2769 532 2827 sanctus
559 2765 592 2826 in
616 2763 675 2846 eo).
700 2799 741 2811 -
765 2765 832 2845 deq
861 2765 956 2847 (quia,
981 2767 1153 2849 quoniam),
1183 2779 1262 2850 conj.
1288 2781 1315 2833 z.
1346 2781 1409 2836 675.

448 2879 476 2935 i.
493 2872 697 2951 iofopt‘tleol
719 2871 769 2954 (gl.
785 2873 934 2952 titulati03
950 2875 971 2935 i.
989 2891 1015 2936 e.
1032 2876 1148 2954 petitio,
1172 2876 1303 2955 questio,
1327 2876 1550 2962 interrogatio).

302 3045 303 3050 ,
406 2988 537 3046 Genuiua
564 2987 653 3044 lectio
676 2991 783 3054 textus,
802 2993 837 3044 ut
859 2993 940 3058 patet
966 3003 983 3044 e
1006 3003 1095 3046 sensu
1122 2996 1153 3048 et
1180 3005 1216 3047 er
1243 2991 1308 3048 aliis
1326 2991 1487 3061 codicibus,
1507 3000 1554 3050 est

406 3085 556 3148 titubatio
573 3093 630 3150 Sed
649 3093 801 3162 glossator,
817 3107 948 3152 errorem
963 3097 1147 3152 amanuensis
1161 3103 1312 3168 sequutus,
1333 3097 1486 3156 hibernice
1503 3101 1553 3156 in-

407 3205 586 3270 terpretatus
600 3205 645 3256 est
659 3215 760 3258 vocem
779 3192 921 3254 titulatio.
938 3203 1029 3259 Porro
1052 3195 1225 3274 (oqiiled,
1248 3205 1325 3273 quod
1337 3207 1470 3274 precedit
1484 3209 1554 3264 arti-

407 3304 491 3361 culus
503 3300 560 3371 ic,
579 3307 624 3360 est
638 3317 717 3360 nom.
733 3304 808 3372 sing.
822 3303 997 3361 substantivi
1011 3320 1100 3362 masc.
1119 3309 1274 3378 compositi
1289 3322 1381 3380 praep.
1392 3302 1430 3379 so
1445 3317 1475 3366 et
1488 3312 1553 3367 the·

406 3421 484 3470 mate
497 3421 562 3470 orto
581 3429 598 3470 e
616 3414 679 3469 rad.
696 3411 758 3469 hlb.
775 3403 862 3482 occ,
890 3405 964 3483 qud
990 3402 1130 3487 (petere).
1147 3415 1189 3471 Ab
1208 3415 1263 3471 hac
1282 3417 1382 3472 radice
1399 3420 1555 3476 statuenda

406 3528 451 3578 est
478 3521 586 3592 triplex
614 3521 766 3590 derivatio,
796 3534 901 3590 nempe
929 3509 1092 3591 *fopidte
1127 3511 1287 3595 (*fcpc‘tc,
1327 3523 1366 3580 ci.
1391 3516 1551 3599 foiqde),

406 3621 564 3701 *sopitat
589 3633 620 3684 et
649 3619 825 3699 sopiilcd,
852 3629 930 3685 sicut
960 3629 1062 3685 arad.
1092 3640 1172 3698 cao,
1202 3631 1286 3702 prael.
1321 3625 1390 3702 for,
1412 3636 1555 3692 'oriuntur

407 3737 509 3792 formae
535 3733 682 3804 parallelae
712 3725 886 3804 foirctlte,
920 3727 1089 3804 foratici,
1128 3729 1315 3807 forcitlid.
1345 3740 1417 3795 Cum
1440 3754 1554 3813 praepo-

407 3841 514 3898 sitione
527 3833 565 3910 fo
580 3841 711 3896 occurrit
725 3841 819 3897 iorma
844 3832 970 3910 foiqde
1000 3830 1128 3914 (petiti0,
1146 3835 1339 3915 supplicatio,
1355 3839 1551 3923 mendicatio)

406 3956 434 4008 Z.
464 3953 525 4007 370.
552 3952 616 4012 libb.
646 3953 710 4012 981.
739 3953 801 4006 999.
830 3953 914 4020 1959;
945 3951 1027 4007 Stok.
1055 3953 1093 4006 ir.
1122 3952 1160 4020 gl.
1187 3967 1216 4022 p.
1245 3955 1295 4024 98;
1322 3953 1374 4010 Eb.
1401 3955 1489 4011 Beitr.
1519 3959 1552 4012 V.

407 4062 453 4115 19.
482 4061 526 4114 13.
556 4060 624 4115 Sine
647 4059 856 4128 praepositione
885 4078 892 4116 :
921 4052 1075 4130 puidam,
1107 4053 1253 4131 quietio,
1289 4049 1483 4136 (precor)'z.
1507 4067 1552 4122 55.

408 4165 471 4220 993.
492 4164 572 4230 1057;
587 4161 674 4219 ⁴stols.
696 4163 767 4218 Belt.
790 4164 837 4219 ill.
861 4165 907 4234 [193
919 4157 1094 4234 rotpdolsc
1112 4155 1231 4238 (rogavi
1245 4158 1290 4239 te)
1304 4169 1407 4237 culm
1421 4160 1555 4237 ropdid

411 4260 541 4344 (petivit)
569 4273 632 4340 [11123
660 4271 707 4327 Ml.
735 4275 798 4342 117;
827 4268 915 4342 cute
956 4261 1028 4344 (qui
1065 4262 1254 4346 supplicant)
1282 4273 1362 4332 stok.
1394 4274 1477 4332 Goid.
1507 4277 1551 4342 26;
