3580 5586
717 383 943 449 lamoisio.
1335 407 1404 452 mx

257 525 308 576 aut
318 523 379 592 jam
394 524 429 587 ab
443 523 507 576 aliis
520 523 611 578 relata
625 526 770 590 repetunt,
785 527 836 578 aut
849 535 939 578 noras
961 524 1142 592 conjecturas
1166 525 1266 592 parva,
1291 539 1403 590 vereor,

256 619 429 674 auctoritate
446 619 580 674 suffultas
594 623 752 688 exponunt,
768 621 959 687 querentium
974 635 1047 682 esse,
1061 621 1111 676 sed
1125 621 1156 674 ia
1173 621 1235 675 sola
1250 622 1405 689 transcrip-

257 717 336 770 tione
350 717 521 784 glossarum,
538 729 636 784 qoam,
650 719 684 770 ut
695 715 787 783 potui,
802 717 907 783 magna
920 717 1070 783 diligentia
1084 721 1115 771 et
1127 717 1293 772 sinceritate
1307 733 1407 785 prose-

257 815 344 868 cutus
358 827 434 868 sum.

560 1127 662 1194 NOTA
682 1129 731 1192 ill
752 1128 915 1194 raalai.
939 1149 1001 1193 rac.
1025 1131 1104 1194 viil.

461 1363 501 1406 oa
526 1345 608 1405 ami
635 1361 673 1406 ar
698 1361 879 1406 ouranios
904 1339 1019 1405 roisrs
1046 1361 1204 1408 oeromn.

297 1556 418 1620 Rimam
439 1575 455 1616 a
471 1561 582 1628 iegibus
596 1561 768 1616 assonantiae
783 1561 893 1616 celticae
910 1561 1050 1629 originem
1066 1563 1172 1618 ducere
1187 1565 1332 1618 aiiirmare
1347 1579 1407 1619 non

257 1661 478 1716 dubitoNotum
490 1659 898 1728 estpropriametpopularem
908 1665 1030 1716 formam
1039 1662 1210 1716 recentioris
1216 1663 1311 1729 po'esis
1317 1677 1408 1744 roma·

256 1759 338 1820 niem,
353 1757 383 1811 id
397 1761 442 1812 est
454 1757 568 1822 italicae,
584 1757 812 1824 gallo-ireneias,
828 1758 1000 1825 hispanicae,
1015 1757 1187 1824 lusitanice,
1209 1773 1273 1814 esse
1288 1773 1407 1814 versum

256 1855 379 1922 ligatum
395 1855 419 1907 1⁰
434 1857 569 1918 accentu,
585 1855 611 1906 2⁰
624 1854 687 1920 pari
700 1853 878 1920 syllabarum
892 1868 1030 1919 numero,
1048 1857 1073 1908 3⁰
1088 1849 1177 1912 rimi.
1194 1854 1273 1908 Unde
1293 1859 1356 1909 orta
1369 1857 1408 1910 sit

257 1951 392 2020 specialis
406 1951 469 2006 haec
483 1953 587 2016 forme,
606 1965 671 2019 qum
685 1952 716 2004 in
730 1951 943 2018 antiquioribus
962 1951 1069 2018 linguis
1083 1965 1142 2006 non
1160 1952 1317 2018 invenitur,
1333 1954 1406 2020 jam·

256 2050 371 2118 pridem
386 2049 616 2118 disquisiyerunt
629 2049 684 2102 viri
699 2049 785 2102 docti.
800 2049 918 2116 Antiqui
933 2049 995 2104 indi
1008 2047 1070 2116 pari
1085 2048 1261 2116 syllabarum
1283 2063 1407 2106 numero

256 2160 375 2200 versum
389 2147 560 2214 ligaverunt.
574 2147 659 2200 Nulla
674 2150 719 2200 est
732 2145 808 2214 apud
823 2160 873 2200 eos
886 2147 958 2202 ratio
974 2150 1111 2201 accentus
1124 2147 1171 2201 vel
1185 2161 1322 2202 sonorum
1337 2162 1406 2203 con-

257 2245 408 2312 gruentiae.
424 2246 456 2300 ln
468 2247 537 2300 satis
551 2245 661 2312 ingenti
672 2244 835 2298 carminum
847 2245 1054 2300 sanseritorum
1066 2246 1152 2310 mole,
1166 2259 1231 2313 quae
1240 2251 1406 2312 supersunt,

257 2345 305 2398 vix
319 2347 364 2400 est
379 2345 403 2398 si
415 2344 507 2398 semei
521 2344 568 2398 vel
582 2343 627 2398 bis
652 2344 737 2400 rimer
761 2343 928 2412 exemplum
943 2344 1063 2399 fortuito
1078 2345 1210 2400 occurrit.
1226 2345 1360 2398 Germani
1376 2345 1407 2398 in

257 2440 1409 2508 ligatasorationismonumentisantiquioribusquaeusqueadnospervenerunt

257 2533 507 2610 alliterationem‚
525 2553 577 2600 seu
592 2537 811 2606 congruentiam
826 2549 964 2590 sonorum
979 2535 1181 2603 incipientium
1197 2537 1406 2597 adhibuerunt:

258 2635 370 2692 rimam
384 2637 479 2690 serius
503 2650 520 2690 a
541 2635 676 2690 finitimis
695 2633 829 2701 gentihus
850 2632 1039 2710 celto-latinis
1058 2635 1184 2690 mutuati
1211 2638 1287 2688 sunt.
1313 2634 1406 2696 Quum

258 2733 353 2787 adhuc
388 2734 523 2788 Germani
558 2734 722 2788 vetustiora
755 2734 791 2787 de
817 2733 1010 2786 Hildebrando
1043 2733 1186 2794 carmina,
1216 2731 1279 2788 sine
1306 2726 1404 2802 rimi,

258 2845 326 2885 cum
334 2831 594 2886 soltalliteratione
602 2831 898 2898 consumptoriam
906 2831 983 2896 apud
992 2831 1115 2898 populos
1124 2829 1315 2886 celto-latinos
1328 2829 1408 2888 rimu

258 2931 424 2986 obtinuerat
449 2931 481 2984 in
509 2931 627 2998 hymnis
655 2931 752 2984 latinae
780 2930 925 2994 ecclesiae,
954 2933 984 2982 et
1011 2931 1098 2996 prout
1124 2927 1230 2994 conjici
1254 2930 1351 2994 potest
1376 2927 1407 2980 in

258 3027 364 3082 coaevis
399 3028 577 3082 carminibus
618 3027 776 3082 hibernicis
820 3031 849 3080 et
890 3026 1068 3082 britannicis.
1110 3025 1250 3080 Caeterum
1291 3037 1406 3091 germa-

143 3146 146 3150 ·
258 3127 331 3180 nioae
368 3125 487 3192 originis
522 3125 623 3192 populi
652 3125 703 3192 qui
736 3124 866 3188 ltaliam,
904 3124 1037 3188 Galliam,
1075 3123 1196 3178 iberiam
1224 3123 1407 3182 invaserunt.

260 3222 329 3278 etsi
343 3237 403 3276 non
430 3235 523 3289 pauca
559 3223 590 3276 in
626 3222 779 3289 glossario,
806 3223 867 3276 fere
904 3221 986 3274 nulla
1015 3221 1199 3288 reliquerunt
1224 3219 1345 3286 vestigia
1376 3221 1408 3272 in

258 3321 424 3386 linguarum
461 3319 677 3374 romanicarum
715 3319 945 3383 constructione,
984 3321 1014 3372 et
1049 3317 1232 3384 phonoiogia.
1260 3318 1326 3372 ideo
1361 3331 1407 3371 ro·

258 3417 403 3472 manicam
431 3417 657 3472 constructionis
685 3417 808 3484 poeticae
843 3418 966 3470 formam
1001 3415 1032 3468 in
1063 3415 1171 3480 linguis
1204 3413 1331 3470 classicis
1358 3417 1409 3467 aut

259 3519 290 3572 in
317 3517 429 3572 celticis
457 3531 588 3585 quaerere
615 3521 739 3584 oportet.
771 3517 853 3584 Origo
872 3516 951 3570 enim
974 3497 1184 3570 rimaearabica
1201 3513 1278 3566 inter
1296 3513 1408 3568 fabulas

258 3615 379 3668 omnino
393 3615 551 3681 rejicienda
567 3619 620 3670 est.
636 3615 732 3670 Obiter
746 3615 916 3678 notandum,
931 3609 1182 3686 animationem,
1199 3627 1251 3668 seu
1267 3611 1406 3691 incipien-

259 3714 333 3768 tium
349 3727 488 3768 sonorum
504 3715 738 3782 congruentiam,
754 3713 857 3780 priscis
870 3714 975 3768 italicis
989 3713 1097 3780 linguis
1109 3727 1170 3766 non
1187 3711 1406 3779 repugnavisse,

258 3811 370 3867 celticis
384 3815 482 3864 autem
497 3811 633 3866 dilectam
647 3811 747 3874 fuisse,
763 3817 796 3866 ut
810 3812 915 3865 docent
930 3811 1084 3878 eugubinae
1099 3811 1214 3873 tabula,
1230 3813 1260 3864 et
1273 3809 1407 3863 iormuim

258 3908 408 3962 nonnullae
422 3909 520 3963 iatinae
535 3913 656 3964 servatae
669 3909 746 3976 apud
761 3909 882 3974 Livium,
897 3909 1041 3975 Plautum,
1056 3909 1222 3973 Varronem,
1238 3909 1372 3962 Catonem
1386 3907 1406 3968 ¹,

291 4106 313 4156 i.
328 4107 358 4154 In
375 4104 488 4156 carmine
502 4104 533 4156 de
546 4104 725 4156 Hildebrando
736 4105 777 4156 bis
786 4105 828 4156 vei
838 4107 877 4156 ter
890 4105 1090 4170 deprehenditur
1103 4105 1241 4169 vestigium
1253 4103 1406 4155 assonaniiae

258 4185 342 4235 linaiis
356 4185 547 4250 monosyllabas.
564 4184 613 4238 Sed
627 4199 685 4236 rara
695 4185 927 4252 hecexemplevel
939 4185 1055 4244 fortuite,
1067 4186 1106 4238 vel
1115 4199 1147 4236 ex
1161 4185 1302 4236 imitatione
1316 4185 1408 4236 celtica

257 4267 313 4316 oria
327 4265 457 4316 videniur.

289 4345 314 4396 2.
332 4345 479 4396 Grotcfend.
495 4345 647 4398 Redimenia
660 4347 756 4412 lingum
769 4346 901 4398 ambricae.
917 4347 960 4396 iv.
979 4347 1015 4398 it.
