3580 5586
410 445 466 487 vru
870 423 1099 488 PnAElAvlu.

409 556 540 639 tructus)
557 576 609 629 pro
622 555 833 635 *forat-tlte,
855 566 914 617 rad.
935 577 1011 619 cort.
1028 565 1133 618 llodem
1157 565 1243 619 modo
1264 564 1428 631 procedunt
1444 575 1556 632 prlepo·

408 663 543 725 sitiones,
559 661 620 715 sive
635 661 791 728 simplices,
813 662 875 716 sive
898 675 966 716 cnm
982 662 1156 729 pronomine
1176 661 1303 718 suffixo:
1326 659 1416 733 air-,
1445 655 1552 733 atat,

408 754 495 815 imb-
520 751 576 833 (=
601 752 750 836 *uimb),
788 756 873 832 foir,
909 775 962 828 pro
992 756 1081 831 'ari,
1120 755 1231 832 *ctist
1266 755 1389 833 *amit
1428 756 1554 834 *for-i.

408 859 626 926 Regressionem
642 863 672 913 et
684 859 879 914 accessionem
893 859 1001 914 vocalis
1016 857 1149 912 flexionis
1167 858 1202 911 ad
1222 858 1351 912 vocalem
1370 857 1558 914 derivationis

408 958 456 1012 vel
477 957 582 1011 radicis
600 957 704 1011 merito
723 957 810 1010 Zauss
830 957 985 1011 flexionem
1010 956 1155 1010 internam
1177 959 1261 1010 vocat
1279 957 1299 1011 ¹.
1320 956 1447 1011 Fortasse
1468 957 1558 1024 quaeri

409 1059 506 1122 potest
527 1068 578 1119 an,
602 1055 686 1109 versa
705 1055 783 1119 vice,
804 1053 855 1108 flat
878 1053 1026 1108 interdum
1051 1053 1213 1121 progressio
1244 1054 1559 1110 vocalisderivationis

410 1154 446 1207 ad
464 1154 594 1208 vocalem
609 1151 751 1217 flexionis,
775 1165 812 1205 ne
834 1151 946 1206 scilicet
961 1154 1099 1206 accentus
1122 1151 1211 1206 nimis
1235 1155 1445 1222 transponatur,
1462 1155 1502 1208 ita
1515 1158 1557 1217 ut,

410 1251 537 1318 exempli
554 1249 654 1334 gratia,
668 1242 947 1323 iactatuiptlteo
973 1241 1221 1325 (incarnationis)
1241 1250 1280 1304 sit
1293 1264 1345 1318 pro
1361 1246 1558 1307 'iactatus'-

409 1343 543 1422 gutba,
569 1340 846 1420 *incolnigitba
881 1346 916 1400 ab
950 1342 1179 1421 incolaipatd.
1215 1348 1419 1402 Verumtamen
1452 1349 1482 1402 iu
1514 1349 1559 1403 his

411 1447 526 1501 casibus
539 1445 708 1509 antecessio,
727 1445 752 1498 si
774 1457 831 1512 qua
854 1448 910 1507 est,
931 1444 1048 1506 vocalis,
1072 1449 1118 1499 est
1141 1446 1239 1512 potius
1258 1444 1403 1500 restitutio
1427 1445 1559 1511 ejusdem

410 1545 530 1608 vocalis,
555 1544 586 1598 in
608 1557 696 1612 quam
717 1543 824 1596 desinit
845 1543 957 1605 thema,
980 1543 1016 1596 ad
1041 1543 1138 1596 locum
1159 1557 1245 1597 suum
1270 1542 1472 1608 originarium
1490 1557 1559 1597 nam

411 1631 654 1710 inoboiua'pud
678 1641 723 1690 est
752 1650 804 1703 pro
835 1631 1098 1708 *iactoiaictaa
1129 1641 1159 1691 et
1185 1631 1467 1711 tacbolniytbeo
1493 1649 1557 1703 geu.

412 1735 485 1802 sing.
510 1739 555 1789 est
582 1748 633 1802 pro
661 1726 990 1804 inobolttictAVAS,
1025 1735 1216 1802 pereuntibus
1243 1735 1355 1790 scilicet
1384 1735 1560 1803 spirantibus

410 1837 474 1888 vet
486 1845 502 1887 s
515 1834 676 1887 secundum
700 1833 867 1900 generalem
892 1833 1033 1900 reguiam,
1054 1839 1083 1890 et
1101 1835 1351 1892 transeuntibusa
1372 1829 1411 1910 †
1433 1847 1454 1890 a
1472 1836 1503 1889 in
1519 1846 1560 1890 ca

411 1929 534 2001 (valeo,
552 1932 623 1986 alias
639 1943 673 2002 o,
695 1925 736 2007 o).

442 2028 540 2094 llagna
553 2027 615 2082 haec
628 2029 673 2082 vis
687 2028 859 2082 assonantiaa
877 2031 907 2082 et
920 2029 1141 2096 ponderationis
1155 2033 1292 2086 accentus
1305 2042 1370 2098 quae
1385 2030 1456 2084 adeo
1471 2031 1561 2087 allicit

412 2130 545 2186 celticam
561 2130 780 2198 phonologiam,
798 2131 955 2198 specialem
973 2145 1090 2199 quoque
1104 2131 1300 2186 characterem
1318 2131 1466 2199 impressit
1480 2145 1560 2186 cons

412 2225 551 2279 tructioni
564 2225 686 2292 poetica
701 2225 857 2280 hibernicae
877 2229 907 2280 et
920 2227 1098 2280 britannice.
1122 2226 1191 2281 lnde
1211 2227 1290 2280 enim
1314 2228 1454 2295 originem
1476 2241 1559 2295 repe·

413 2323 479 2374 tunt
493 2321 658 2375 assonantia
671 2319 766 2374 finalis
779 2321 826 2376 val
847 2301 928 2379 rima
944 2327 974 2377 et
986 2337 1089 2377 versus
1102 2326 1224 2376 accentu
1239 2321 1359 2390 ligatus,
1375 2337 1440 2391 qua
1452 2325 1558 2388 torma,

412 2431 491 2471 nunc
504 2419 564 2472 iere
579 2418 610 2471 in
624 2417 761 2472 omnibus
774 2419 917 2485 europaeis
933 2419 1041 2486 linguis
1054 2419 1229 2486 prevalens,
1239 2420 1299 2486 jam
1313 2419 1343 2472 in
1354 2420 1560 2476 vetustissimis

412 2513 601 2569 hibernorum
616 2519 646 2570 et
659 2515 841 2570 cumbrorum
856 2517 1033 2570 carminibus
1049 2514 1176 2569 occurrit
1184 2519 1204 2564 ¹.
1220 2514 1303 2567 Nulla
1316 2515 1373 2568 alia
1386 2515 1486 2582 lingua
1499 2521 1559 2571 tam

414 2612 536 2668 delicate
552 2615 658 2681 sensit,
683 2629 771 2684 quam
796 2616 958 2680 hibernica,
983 2615 1057 2668 banc
1079 2617 1213 2668 mutuam
1229 2627 1368 2668 sonorum
1385 2615 1462 2669 inter
1476 2629 1507 2670 se
1528 2631 1559 2671 se

413 2711 567 2776 actionem,
583 2712 665 2766 nulla
679 2711 736 2766 alia
749 2712 784 2766 ad
798 2712 877 2778 leges
889 2711 1048 2766 harmonia
1062 2716 1092 2766 et
1106 2710 1323 2779 ponderationis
1333 2710 1395 2765 toni
1408 2715 1467 2766 tam
1482 2715 1559 2767 arcte

411 2807 528 2874 subegit
541 2807 682 2862 flexiones
696 2813 726 2863 et
740 2809 885 2863 elementa
902 2807 1049 2869 radicalia,
1065 2821 1130 2875 quae
1151 2808 1228 2876 apud
1249 2811 1354 2862 catera
1374 2808 1479 2862 arlanae
1502 2807 1559 2862 ori·

412 2905 487 2973 ginis
507 2905 646 2960 idiomata
667 2907 777 2974 majore
799 2907 952 2961 tenacitate
974 2913 1136 2962 servantur.

444 3004 564 3060 Vocales
580 3005 738 3059 bibemicae
753 3009 822 3060 sunt
836 3006 881 3059 vel
900 3006 1003 3060 breves
1019 3005 1066 3060 vel
1086 3005 1362 3072 probassemus
1378 3007 1516 3058 notantur
1529 3003 1561 3057 in

412 3100 560 3155 codicibus
583 3101 739 3168 scriptione
760 3101 886 3169 simplici
910 3113 965 3172 τα,
984 3114 1014 3172 c,
1033 3098 1060 3171 i,
1078 3113 1110 3172 o,
1129 3112 1161 3155 at.
1188 3101 1333 3156 Produotae
1355 3103 1493 3154 notamur
1513 3098 1561 3152 vel

412 3202 533 3254 accentu
548 3193 579 3272 ά,
595 3194 622 3272 ὁ,
639 3203 693 3256 etc.
710 3200 758 3254 vol
772 3199 967 3268 duplicatione
982 3199 1045 3253 sine
1056 3203 1178 3252 accentu
1191 3209 1241 3270 aa,
1253 3210 1294 3269 ee,
1309 3201 1363 3252 etc.
1374 3197 1421 3252 vel
1431 3195 1560 3263 duplica-

412 3297 491 3352 tione
507 3311 575 3352 cum
590 3303 710 3352 accentu
727 3291 777 3370 αά,
788 3291 839 3370 αά,
855 3293 897 3369 te,
915 3302 969 3352 etc.
1199 3278 1202 3293 ’

445 3488 466 3540 i.
484 3489 512 3538 z.
528 3487 559 3538 32
572 3491 598 3538 et
611 3501 666 3554 seq.

444 3570 501 3620 Non
515 3567 619 3619 aliunde
633 3567 772 3633 quaerenda
784 3571 825 3620 est
842 3567 915 3631 origo
929 3565 1046 3618 llexionis
1059 3565 1166 3617 intomaa
1179 3566 1235 3616 sive
1249 3564 1396 3616 iniectionis
1415 3563 1472 3615 soni
1486 3562 1563 3624 origi·

412 3648 479 3699 narii
491 3651 556 3698 ortae
571 3661 603 3699 ex
618 3649 801 3700 retrocessioue
814 3647 912 3698 vocalis
927 3646 1043 3697 ilarionis
1061 3660 1120 3711 qnae
1134 3645 1219 3696 adbuc
1231 3648 1301 3696 extat
1315 3645 1341 3694 in
1360 3642 1492 3694 nonnullis
1505 3641 1559 3692 dia·

410 3727 486 3779 lectis
500 3728 681 3779 celloitalicis.
707 3728 750 3780 Sic
773 3727 801 3777 in
821 3727 930 3777 dialecto
953 3726 1089 3791 subalpina
1112 3725 1239 3791 canapitii
1262 3725 1376 3775 themata
1396 3721 1514 3788 quaedam
1534 3721 1562 3770 iu

412 3807 540 3872 singulari
555 3823 646 3859 sonum
659 3808 829 3872 originarium
844 3807 988 3867 retinentia,
1002 3810 1102 3860 uttan
1127 3797 1229 3878 (callis
1255 3843 1263 3874 ,
1289 3801 1339 3876 gai
1362 3793 1484 3875 (feles),
1510 3809 1563 3854 eal·

415 3879 579 3962 (currus),
596 3885 665 3942 sant
681 3876 837 3960 (sanctus)
852 3875 959 3940 crovais
974 3876 1109 3958 (corax),
1128 3875 1215 3956 garet
1246 3873 1425 3962 talus),utiit
1444 3870 1559 3954 (totus)

411 3973 437 4020 et
450 3969 557 4030 similia,
573 3968 692 4020 inliciunt
703 3969 819 4044 vocalem
833 3966 928 4017 radicis
937 3966 980 4018 vel
989 3966 1157 4016 derivationis
1167 3965 1194 4015 in
1203 3964 1298 4030 plurali
1312 3973 1386 4032 caen,
1404 3961 1470 4034 goei,
1488 3969 1559 4026 tati,

412 4047 499 4121 saent,
516 4041 642 4119 clevans,
660 4043 767 4124 garait,
783 4044 853 4117 iiiii,
867 4047 956 4098 eodem
969 4046 1045 4098 modo
1059 4060 1111 4112 quo
1124 4059 1199 4096 voces
1212 4044 1353 4096 hibernicae
1372 4036 1438 4113 fer,
1465 4050 1563 4094 mato

411 4128 535 4179 exhibent
559 4129 586 4179 in
609 4143 677 4179 nom.
699 4129 734 4194 pl.
755 4128 851 4179 formas
871 4121 934 4198 st'r,
961 4123 1088 4196 maiae,
1119 4129 1146 4177 et
1167 4125 1302 4177 cambricoe
1324 4117 1427 4192 brata,
1457 4117 1557 4187 sant,

411 4199 563 4261 manucla
583 4207 649 4258 fiunt
663 4207 689 4258 ln
702 4207 797 4272 plurali
818 4201 936 4277 treta,
961 4203 1070 4276 seint,
1095 4197 1263 4260 maueicb.

443 4297 467 4346 i.
481 4295 545 4346 Vide
558 4300 642 4347 uolam
658 4295 685 4347 iu
700 4295 750 4346 fine
762 4294 930 4362 praelationis.
