3580 5586
345 409 402 454 m
805 387 1031 455 PRAEFATIO.

344 540 472 580 necnon
486 527 580 581 multa
593 541 628 580 ex
643 527 856 595 antiquioribus
874 525 1053 582 carminibus
1068 529 1226 584 hibernicis
1246 533 1276 583 et
1294 527 1462 582 britannicis
1475 531 1495 579 ·.

378 622 411 676 ln
436 623 545 690 linguis
572 624 699 679 classicis
725 638 785 678 non
809 637 894 678 secus
920 637 953 678 ac
981 623 1013 678 in
1040 625 1151 680 celticis
1179 625 1287 693 duplex
1317 623 1412 679 extitit
1439 624 1494 678 ori·

345 719 491 786 ginarium
517 721 708 787 phonetioum
743 721 937 786 elementum,
965 734 1059 776 uuum
1090 735 1197 789 nempe
1227 721 1363 786 interius,
1395 725 1430 775 ut
1456 720 1497 774 ita

347 815 456 876 dicam,
487 815 564 884 quod
592 819 636 870 est
662 815 826 883 quantitas,
855 816 980 870 alterum
1011 817 1139 871 exterius
1172 817 1249 884 quod
1278 822 1323 871 est
1349 819 1494 870 accentus.

347 914 380 968 ln
409 913 603 967 construenda
632 916 730 968 tamen
762 913 848 979 ligata
876 913 1025 978 oratione,
1049 918 1137 981 prout
1160 918 1273 969 constat
1299 929 1334 969 ex
1362 914 1498 983 supersti·

347 1009 425 1064 tibus
438 1009 634 1075 documentis,
650 1009 740 1064 Graeci
759 1011 964 1076 quantitatem,
980 1009 1064 1064 delta
1083 1015 1251 1077 accentum,
1272 1017 1411 1079 tanquam
1430 1012 1496 1064 iun·

347 1107 518 1160 dementum
531 1107 632 1160 iormae
645 1109 768 1174 poetice
792 1111 963 1174 posuerunt.
984 1108 1090 1172 latini,
1106 1109 1314 1163 intermedium
1339 1109 1423 1176 quasi
1443 1108 1498 1162 iter

347 1203 448 1269 secuti,
464 1216 580 1257 versum
595 1207 716 1257 accentu
732 1209 762 1258 et
774 1205 837 1271 pari
846 1203 1023 1272 syllabarum
1039 1218 1163 1259 numero
1178 1206 1298 1272 ligatum
1310 1218 1497 1272 nonrespue-

348 1303 425 1364 runt,
442 1303 475 1354 ut
488 1304 611 1354 monent
627 1300 750 1354 saturnii
765 1301 890 1364 numeri,
913 1301 964 1354 sed
988 1301 1178 1368 quantitatem
1200 1303 1231 1356 in
1250 1301 1373 1356 excultis
1395 1301 1498 1356 carmi-

348 1398 435 1452 nibus
450 1397 650 1464 protulerunt.
665 1397 744 1451 Hanc
759 1397 957 1452 diversitatem
973 1399 1050 1454 inter
1065 1398 1198 1453 classicae
1212 1399 1367 1452 etcelticas
1376 1399 1497 1465 linguas,

351 1507 418 1562 quae
433 1493 552 1548 aliunde
573 1499 651 1548 arcto
670 1495 787 1548 vinculo
813 1495 901 1550 simul
925 1496 1087 1564 coniuncta
1114 1503 1192 1561 sunt,
1216 1495 1414 1563 explicandam
1436 1508 1499 1548 essa

350 1603 456 1644 censeo
471 1603 507 1644 ex
522 1603 556 1644 eo
571 1590 649 1658 quod
663 1591 842 1644 conscientia
857 1591 1076 1659 significationis
1090 1597 1120 1646 et
1133 1593 1314 1646 formationis
1328 1591 1409 1646 verbi
1418 1591 1499 1658 origi-

349 1687 433 1751 narii,
447 1688 484 1741 ob
499 1701 600 1742 causas
615 1687 768 1742 historicas
778 1691 808 1742 et
822 1689 1029 1756 ethnologicas,
1044 1703 1117 1757 quas
1130 1688 1178 1743 hic
1189 1703 1334 1756 exponere
1349 1689 1431 1744 locus
1441 1703 1499 1743 non

351 1788 403 1850 est,
418 1785 579 1852 praecocius
592 1786 679 1852 periit
691 1785 767 1852 apud
786 1785 886 1849 Celtas,
909 1787 1003 1840 serius
1017 1787 1094 1853 apud
1108 1786 1194 1841 italos
1208 1789 1237 1840 et
1250 1787 1369 1842 Graecos.
1385 1787 1499 1847 Verum,

351 1887 444 1937 bactu
467 1883 619 1949 temporis,
645 1883 737 1936 latini
758 1883 846 1938 etiam
868 1887 897 1936 et
918 1861 1006 1938 Graeci
1026 1897 1146 1937 sensnm
1170 1884 1339 1952 quantitatis
1360 1885 1499 1938 unacum

351 1980 494 2034 memoria
508 1979 623 2047 genesis
636 1979 718 2034 verbi
727 1979 874 2046 originarii
887 1979 979 2046 magis
987 1980 1137 2047 magisque
1152 1981 1322 2034 amiserunt.
1338 1979 1499 2043 Quantitate

351 2077 502 2145 paullatim
518 2077 731 2142 obsolescente,
746 2077 871 2131 naturali
885 2081 916 2131 et
933 2078 1013 2132 lento
1028 2091 1166 2145 processu
1181 2082 1318 2132 accentus
1332 2078 1500 2146 praeraluit,

242 2199 244 2204 ·
352 2179 440 2243 prout
453 2175 565 2228 scilicet
584 2175 663 2227 varia
683 2177 712 2228 et
731 2173 813 2240 prius
826 2173 961 2228 distincta
984 2175 1129 2228 elementa
1152 2176 1259 2242 quibus
1274 2175 1502 2242 componebatur

352 2273 473 2326 verbum
488 2271 677 2338 originarium
692 2270 724 2324 in
734 2282 793 2325 uno
805 2271 888 2338 quasi
899 2283 1016 2338 corpore
1030 2271 1118 2325 simul
1129 2271 1301 2326 coaluerunt
1311 2273 1414 2325 etlusa
1424 2275 1501 2326 sunt.

353 2371 498 2434 Quatenus
513 2369 602 2434 enim,
618 2374 652 2422 nt
665 2369 809 2435 conticere
834 2369 911 2434 licet,
934 2369 1151 2423 informatione
1175 2369 1281 2436 linguae
1301 2369 1405 2422 arianae
1420 2369 1502 2435 origi·

351 2468 441 2522 uariae
455 2467 601 2521 elementa
613 2466 750 2520 radicalia
763 2470 793 2520 et
806 2466 911 2520 flexiva
922 2465 998 2520 nihil
1012 2466 1091 2520 aliud
1105 2470 1189 2520 erant
1201 2479 1289 2534 quam
1303 2467 1504 2534 monosyllaba

349 2565 538 2634 iuxtaposita,
547 2565 679 2618 nondum
689 2565 754 2618 fusa
763 2577 818 2618 nec
829 2565 991 2631 conjuncta,
1002 2564 1094 2618 immo
1109 2577 1164 2617 nec
1179 2563 1267 2617 simul
1280 2567 1354 2626 suta,
1369 2574 1429 2618 non
1443 2568 1504 2618 erat

352 2667 490 2718 accentus
513 2675 613 2727 verus,
634 2675 687 2716 seu
707 2665 795 2716 tonus
813 2661 917 2727 major,
938 2661 989 2728 qui
1006 2673 1109 2714 vocem
1126 2661 1339 2728 polysyllabam
1357 2660 1503 2728 supponit.

353 2760 465 2815 Amissa
485 2772 604 2827 prorsus
623 2759 801 2814 eonscientia
820 2757 901 2812 verbi
921 2757 1082 2824 originarii,
1106 2757 1236 2811 obsoleta
1260 2758 1431 2824 quantitate,
1457 2763 1522 2812 ecs

354 2861 442 2914 centu
456 2857 645 2925 prevalente,
671 2857 737 2910 aliis
757 2857 845 2910 etiam
862 2855 1055 2910 exterioribus
1077 2855 1174 2910 causis
1191 2856 1378 2922 iuvantibus,
1395 2857 1504 2909 mirum

353 2969 413 3010 non
428 2959 473 3010 est
485 2956 599 3010 (iraecos
614 2959 644 3008 et
658 2955 757 3016 Italos,
772 2967 908 3007 successu
923 2953 1075 3020 temporis,
1090 2951 1207 3019 propria
1220 2951 1359 3006 idiomata
1372 2951 1403 3006 in
1416 2964 1505 3006 novas

352 3055 461 3108 formas
475 3051 637 3114 deflexisse,
653 3052 727 3105 etin
741 3050 828 3117 ligata
843 3049 986 3113 cranone,
999 3050 1107 3116 rejecto
1121 3055 1225 3114 metro,
1240 3054 1393 3104 accentum
1409 3053 1440 3103 et
1453 3063 1505 3102 nu·

354 3165 470 3205 merum
485 3154 598 3204 certum
613 3149 791 3216 syllabarum
807 3147 984 3201 adhibuisse.
1010 3147 1120 3201 Revera
1140 3149 1234 3200 torma
1250 3146 1422 3202 recentioris
1435 3147 1506 3200 lirae·

354 3261 455 3303 corum
470 3247 566 3314 poesis
582 3259 647 3314 quae
661 3245 809 3312 popularis
821 3249 851 3298 et
864 3257 967 3298 eorum
981 3244 1097 3312 propria
1112 3247 1165 3306 est,
1183 3244 1301 3298 nonnisi
1312 3246 1464 3298 accentum
1477 3245 1507 3296 ct

354 3349 467 3400 certum
481 3343 659 3412 syllabarum
673 3355 832 3396 numerum
847 3342 956 3406 praebet
969 3343 988 3392 ⁸.

386 3444 413 3498 Si
440 3445 534 3497 forma
567 3441 740 3496 recentioris
770 3441 867 3506 poesis
898 3439 1093 3506 populorum,
1129 3451 1204 3506 quos
1234 3437 1430 3492 neo-latinos
1462 3439 1507 3492 val

354 3541 518 3596 romanicos
546 3552 715 3607 nuncupare
736 3537 876 3606 placitum
898 3543 958 3602 est,
988 3537 1090 3590 eadem
1115 3536 1235 3592 omnino
1257 3539 1334 3589 esset
1358 3547 1391 3588 ac
1413 3536 1508 3589 lorma

354 3637 525 3693 recentioris
558 3637 656 3704 possis
694 3635 843 3703 popularis
877 3647 933 3689 neo
947 3664 957 3676 ·
970 3647 1154 3701 gracorum,
1189 3633 1214 3686 si
1248 3646 1354 3699 nempe
1388 3636 1508 3687 accentu

356 3739 386 3790 et
411 3734 474 3802 pari
501 3735 679 3802 syllabarum
711 3745 836 3787 numero
865 3735 1003 3787 contenta
1033 3734 1129 3794 esset,
1158 3729 1282 3796 supponi
1309 3731 1415 3796 poterit
1444 3743 1507 3783 earn

355 3837 448 3888 ortam
486 3847 550 3888 essa
577 3832 695 3886 nonnisi
726 3845 761 3885 ex
788 3829 914 3885 naturali
952 3843 1089 3897 processu
1124 3833 1154 3882 et
1187 3828 1377 3896 explicatione
1411 3829 1509 3882 latinae

354 3933 472 4000 linguae,
502 3945 568 3999 quaa
593 3930 767 3998 jampridem
794 3929 888 3995 ipsius
915 3929 1037 3982 indocta
1065 3927 1170 3981 italicae
1193 3926 1288 3992 plebis
1316 3925 1452 3993 ingenio,
1480 3929 1510 3980 et

356 4037 457 4102 postea
471 4045 614 4087 novorum
627 4031 818 4098 populorum,
834 4027 883 4096 qui
902 4042 919 4082 a
933 4027 1063 4081 romanis
1081 4038 1247 4080 sermonem
1262 4039 1330 4080 cum
1345 4026 1454 4080 ditione
1469 4039 1511 4078 re-

357 4133 512 4198 ceperunt,
528 4127 619 4182 indoli
633 4131 662 4181 et
676 4126 900 4180 necessitatibus
918 4139 950 4180 sa
965 4139 996 4178 se
1011 4123 1280 4179 accommodaverit.
1296 4123 1349 4178 Sed
1363 4123 1510 4178 romanica

392 4275 412 4326 l.
428 4278 456 4325 Ζ.
471 4275 526 4328 936.
541 4275 597 4326 946.
615 4301 643 4310 -
654 4273 798 4333 Goidllica,
814 4273 853 4324 38.
868 4275 961 4336 etseq.

389 4359 414 4409 2.
432 4356 543 4408 Fauriel.
559 4355 655 4408 libante
669 4355 818 4421 populaires
830 4355 863 4406 de
876 4353 901 4404 la
915 4355 997 4404 Gracc
1010 4351 1140 4404 moderna.
1154 4354 1176 4403 l.
1191 4351 1304 4404 dilvlll.
