3580 5586
383 467 423 525 28
818 478 887 522 ric.
911 459 942 522 1.
959 479 1031 524 eon.
1055 461 1099 524 ii.

384 589 560 654 66666666
583 595 698 654 moise
726 593 774 667 (gl.
799 607 862 653 non
885 593 922 656 ad
949 593 1079 657 honoris
1106 593 1319 657 diuersitaiem
1344 595 1365 655 1.
1396 611 1423 656 6.
1452 611 1532 674 quo-

384 700 470 762 niam
506 699 605 760 honor
640 697 763 760 deitatis
798 697 889 760 datus
921 703 968 761 esi
996 699 1184 762 humanitati
1210 699 1306 779 filii),
1325 712 1392 768 etc.
1419 709 1463 764 66.
1492 731 1533 744 -

385 805 521 865 6616666
557 800 616 883 (gi.
659 803 713 882 qui
748 807 820 865 ante
856 821 906 865 me
943 805 1042 868 iactus
1078 810 1125 866 est
1155 806 1210 884 qui
1237 805 1322 883 prior
1359 822 1409 867 me
1446 803 1533 887 erat)

387 921 538 989 ingeniose
557 920 700 990 disjungit
720 909 770 972 W.
796 909 835 970 ii.
864 910 1023 994 Hennessy
1047 923 1078 977 in
1107 919 1267 974 at-oc-so
1291 910 1377 993 (sum
1402 911 1530 995 minor),

386 1031 428 1086 166
455 1035 489 1086 ut
512 1026 550 1081 61
579 1016 668 1100 (ad),
694 1042 761 1083 cum
785 1031 855 1083 nota
880 1029 1076 1098 pronomineli
1104 1038 1158 1096 66,
1189 1029 1228 1084 616
1254 1027 1349 1084 iorma
1379 1033 1531 1086 contracta

386 1135 467 1207 (ante
493 1149 554 1204 seq.
582 1131 723 1201 vocalem)
754 1133 857 1202 primae
885 1147 1019 1204 personae
1045 1135 1121 1203 sing.
1145 1134 1206 1189 ind.
1234 1147 1322 1204 praes.
1342 1135 1423 1191 verbi
1447 1134 1532 1191 subs-

387 1241 490 1298 tantivi
519 1244 549 1296 at
574 1239 750 1309 respondeat
775 1235 877 1294 formis
901 1253 966 1309 quae
995 1241 1187 1296 inveniuntur
1219 1240 1296 1310 apud
1327 1243 1356 1294 Z.
1388 1243 1451 1301 676.
1479 1244 1532 1302 677

387 1338 648 1421 6166666616),
680 1337 834 1398 6166666
867 1334 974 1417 (quarn
1004 1353 1059 1416 ego
1088 1333 1193 1417 sum),
1221 1354 1265 1397 oa
1289 1360 1359 1403 vero
1386 1348 1425 1402 sit
1451 1361 1534 1404 com.

387 1457 536 1528 parativus
562 1454 734 1524 irregularis
761 1455 832 1511 satis
850 1452 986 1524 frequens
1005 1454 1036 1508 in
1055 1454 1207 1511 codicibus
1233 1469 1299 1511 cum
1321 1455 1535 1524 significatione

387 1556 502 1631 minor,
525 1554 677 1630 minores,
700 1554 825 1614 minus·
844 1561 883 1618 oi.
912 1563 940 1615 z.
974 1556 1037 1612 616
1072 1557 1115 1613 06
1144 1550 1203 1632 (gi.
1219 1552 1396 1635 minores);
1422 1554 1535 1615 16666

389 1655 442 1738 (gi.
468 1656 587 1738 minus)
613 1661 683 1720 286.

430 1767 459 1823 7.
499 1761 533 1820 61
571 1758 699 1819 delicie
729 1757 960 1834 [6661666166
996 1756 1084 1835 (dicit
1114 1757 1268 1821 iohannes
1301 1757 1405 1840 patri).
1435 1793 1476 1805 -
1502 1759 1537 1819 61

390 1864 493 1946 (dicit,¹
516 1861 630 1942 inquii)
655 1872 777 1928 verbum
792 1871 897 1928 deieci.
914 1875 944 1928 in
959 1874 1014 1930 hac
1027 1876 1086 1929 und
1104 1873 1199 1929 forma
1216 1875 1350 1939 obvium,
1369 1875 1397 1927 Z.
1417 1873 1480 1932 196.
1502 1901 1536 1910 -

390 1971 620 2050 [6666661166
646 1967 752 2050 (patri,
780 1972 931 2035 adversus
958 1973 1091 2055 patrem)
1119 1982 1537 2061 6666116666166666166666

392 2101 455 2142 esse
481 2100 535 2157 pro
563 2075 912 2157 (61-611[6]-6·661666
939 2075 994 2159 (ad
1020 2079 1112 2140 deum
1141 2077 1285 2160 patrem),
1311 2087 1538 2144 0616661166-

392 2199 469 2250 tasse
495 2197 541 2248 est
568 2205 622 2262 pro
649 2184 1023 2263 [116100011116;66666.
1054 2195 1131 2249 enim
1161 2184 1259 2261 fritlr
1286 2200 1354 2249 ante
1381 2192 1537 2248 articulum

392 2304 425 2360 fit
451 2294 537 2371 fris,
569 2290 675 2368 scion,
705 2300 732 2352 Z.
761 2300 823 2353 606.
851 2282 926 2354 Sane
952 2291 1189 2367 fridicctbir‚
1230 2305 1263 2354 ut
1291 2299 1371 2354 61666
1396 2298 1537 2368 scriptum

392 2410 438 2462 est
465 2406 495 2460 in
523 2402 635 2470 codice,
663 2402 688 2456 si
716 2401 861 2469 significat
887 2393 977 2471 patri,
1006 2393 1046 2454 ad
1073 2397 1201 2472 patrem,
1231 2403 1326 2457 forma
1348 2406 1394 2455 est
1420 2401 1539 2456 omnino

394 2505 552 2564 abnormis.

436 2612 484 2668 16.
509 2603 672 2680 66661666
697 2600 892 2683 (preparatio
926 2611 971 2668 vei
1004 2604 1282 2687 preparationem).
1300 2613 1341 2670 Gi.
1370 2611 1446 2669 inira
1473 2608 1543 2666 6666

394 2713 432 2770 16
464 2709 551 2786 fuer
574 2704 644 2786 (per
670 2705 887 2787 perationem)
918 2709 1048 2786 soruur
1071 2706 1141 2789 (qui
1168 2708 1301 2790 paravit)
1322 2719 1361 2787 gi.
1385 2721 1419 2774 11.
1448 2720 1469 2773 i.
1496 2721 1540 2786 16;

394 2814 549 2895 [6616666
575 2813 697 2895 (6116616,
725 2814 846 2892 paravit
872 2813 917 2894 id)
945 2825 972 2878 z.
997 2826 1042 2890 273
1070 2833 1091 2875 6
1116 2816 1204 2892 suar
1232 2817 1465 2904 6666616666
1488 2814 1541 2896 (gi.

394 2927 510 3006 parasti
535 2925 638 2987 eibum
666 2921 805 3002 illorum)
832 2931 879 2987 Mi.
911 2933 972 2987 168.
1010 2931 1115 2987 Subest
1151 2931 1232 2987 radix
1270 2921 1348 3001 666,
1377 2937 1410 2986 66
1443 2936 1544 2987 censet

394 3055 491 3117 zeum,
520 3053 562 3115 27,
594 3051 639 3106 vei
667 3059 720 3118 ar,
755 3049 838 3118 praei.
865 3040 922 3117 fo,
951 3053 982 3102 66
1008 3055 1080 3099 666.

437 3153 484 3214 11.
514 3156 548 3211 66
573 3151 615 3212 ad
640 3155 719 3210 inse
747 3149 863 3210 1666616
884 3153 1076 3226 prereptus
1104 3145 1324 3221 1616666716
1352 3145 1394 3205 ed
1422 3147 1546 3206 toncele

390 3260 584 3335 procopius
615 3271 661 3313 66.
691 3251 752 3333 (666
778 3254 836 3314 hoc
861 3253 985 3313 initium
1014 3251 1158 3312 doctrina
1184 3249 1333 3311 iohannis
1358 3253 1387 3310 et
1415 3254 1461 3311 666
1487 3251 1545 3312 hoc

393 3363 522 3424 initium
563 3359 709 3422 doctrinae
750 3356 889 3438 Christi).
920 3391 957 3402 -
985 3357 1113 3416 torach
1154 3354 1310 3436 (initium,
1345 3354 1545 3436 principium)
1637 3437 1643 3447 ι

395 3479 441 3529 666
464 3472 553 3528 subsi.
584 3474 747 3528 derivatum
773 3487 790 3528 6
817 3462 865 3524 itis
891 3460 1118 3544 (principium).
1149 3459 1262 3526 Sube'st.
1285 3471 1348 3526 rad.
1367 3471 1441 3538 orig.
1467 3471 1545 3538 Titii,

396 3593 507 3637 sanson
523 3576 556 3633 iu
571 3570 752 3654 (erescere);
768 3580 805 3636 oi.
832 3572 968 3632 66166616
986 3568 1167 3652 (princeps),
1183 3580 1292 3634 cambr.
1310 3575 1548 3651 touyssope'oe

396 3675 582 3759 (principes)
607 3689 634 3741 Z.
663 3689 708 3754 66,
740 3687 822 3742 Stok.
860 3689 897 3740 ir.
938 3686 976 3754 gi.
1006 3700 1034 3754 p.
1067 3687 1120 3751 iro,
1152 3689 1183 3739 66
1209 3684 1330 3741 verbum
1368 3686 1547 3742 denominat.

397 3781 676 3859 ictospoipiber
702 3780 754 3862 (gi.
784 3780 940 3861 initiatur)
964 3790 1042 3859 quod
1068 3789 1200 3843 occurrit
1223 3789 1310 3855 inira,
1337 3789 1375 3858 gi.
1400 3791 1435 3844 ii.
1463 3790 1484 3844 1.
1502 3793 1546 3844 17.

397 3921 438 3933 -
458 3891 651 3966 preceptee
676 3909 742 3964 gen.
772 3896 846 3964 sing.
876 3895 1003 3951 nominis
1031 3909 1049 3949 a
1076 3891 1123 3948 166.
1150 3893 1307 3963 desumpti.

440 4001 488 4058 11.
515 4014 593 4056 6666
620 3994 784 4073 [61666166
807 3993 908 4076 (amor
926 3995 1091 4074 perfectus,
1115 3995 1227 4055 caritas
1246 3992 1403 4076 perfecie).
1419 4027 1459 4040 -
1472 4013 1550 4054 6666

400 4101 512 4184 (amor,
525 4103 645 4180 caritas,
658 4099 791 4183 affectio)
802 4125 880 4168 nom.
889 4113 962 4180 sing.
971 4111 1146 4167 substantivi
1154 4110 1222 4166 iem.
1230 4110 1549 4180 quodscribituretiam

399 4228 497 4270 sercc
522 4220 553 4274 in
581 4219 742 4284 codicibus:
773 4232 839 4286 gen.
868 4231 892 4271 s.
921 4226 1031 4282 66666,
1062 4216 1121 4271 dat.
1147 4229 1209 4271 acc.
1238 4229 1261 4269 s.
1291 4210 1420 4282 666666,
1458 4211 1551 4268 seire

401 4328 429 4381 z.
458 4325 521 4392 16ος
555 4333 701 4378 escuem
731 4333 776 4376 66
809 4331 885 4376 6666
916 4311 969 4395 (gi.
1000 4311 1130 4395 eiectio)
1158 4323 1207 4379 Mi.
1237 4324 1306 4390 1183
1334 4317 1471 4374 6666666
1494 4310 1548 4393 (gi.
