3580 5586
683 399 910 464 Panaetio.
1299 423 1371 466 xxru

223 540 270 592 vel
281 537 437 592 lllKllAVll
452 539 555 603 (sansc.
579 530 729 613 *capraval
753 553 770 592 a
784 541 842 592 rad.
861 541 931 606 orig.
945 541 1034 594 KRAV
1049 543 1150 608 (senso.
1167 553 1233 617 cru,
1249 537 1369 618 fluere),

223 636 388 702 significans
408 629 523 705 fissaca,
546 629 674 690 stillans.
698 635 814 690 Mutatio
829 637 982 702 gutturalis
1005 637 1210 703 originariam
1225 641 1371 693 dentalem

224 730 403 784 hibernicam
425 729 594 796 explicanda
615 735 668 795 est,
691 736 724 785 ut
747 732 777 784 in
795 747 865 786 voce
887 732 1007 805 tange,
1032 747 1067 786 ex
1081 745 1152 786 sono
1167 735 1283 800 palatali
1298 737 1371 789 anti·
1443 725 1446 731 ’

225 825 335 892 quiore.
352 825 506 879 Destitutio
521 830 619 880 autem
643 826 740 880 tenuis
761 827 791 878 in
813 828 939 880 mediam
964 828 995 880 in
1019 828 1120 882 sillaba
1136 827 1372 894 reduplicationis

225 921 325 985 oritur,
341 925 375 974 ut
387 935 502 983 censeo,
524 936 560 975 ex
579 911 825 990 regula'pluribus
840 924 968 990 cognatis
989 925 1095 992 linguis
1119 927 1278 988 communi,
1290 927 1372 993 juxta

226 1031 313 1085 quam
325 1023 388 1072 tum
398 1032 542 1084 consonae,
555 1022 618 1073 turn
627 1021 741 1074 vocales
750 1023 785 1074 ad
796 1021 936 1088 syllabam
946 1022 1183 1089 reduplicationis
1193 1024 1372 1090 pertinentes

226 1119 413 1170 attenuantur
436 1118 467 1170 in
488 1118 653 1171 molliorem
679 1132 794 1172 sonum.
816 1121 925 1172 Revera
941 1120 1080 1172 sanserita
1097 1120 1195 1186 lingua
1212 1123 1373 1188 gutturales

226 1213 366 1267 radicales
379 1217 473 1267 mutat
489 1214 519 1267 in
534 1215 699 1269 molliorem
723 1229 829 1269 sonum
849 1216 1019 1282 palatalium
1042 1217 1073 1269 in
1097 1216 1199 1271 sillaba
1213 1204 1373 1286 reduplica-

227 1313 326 1377 tionis;
343 1313 413 1366 item
430 1316 561 1367 attenuat
575 1315 717 1381 syllabam
738 1315 974 1382 reduplicationis
995 1316 1025 1369 in
1051 1316 1195 1371 radicibus
1217 1331 1282 1385 quae
1305 1319 1374 1373 inci·

226 1413 312 1478 piunt
324 1425 340 1464 a
357 1411 468 1464 duabus
494 1413 638 1466 consonis.
662 1413 801 1479 aspirata
817 1414 957 1467 radicales
970 1414 1078 1480 pariter
1092 1413 1290 1469 destituuntur
1304 1417 1375 1483 aspi·

226 1509 381 1562 rationein
396 1507 497 1560 sillaba
510 1509 747 1575 reduplicationis
765 1514 826 1562 turn
842 1511 872 1562 in
887 1510 1026 1563 sanserita
1040 1513 1103 1563 tum
1120 1511 1151 1562 in
1165 1515 1256 1577 graeca
1265 1513 1371 1580 lingua.

227 1605 300 1667 Quin
314 1605 373 1657 imo
389 1605 527 1658 sanserite
543 1609 573 1658 et
586 1619 677 1671 graece
688 1606 834 1660 excutitur
843 1621 970 1660 consona
979 1608 1216 1674 reduplicationis
1226 1611 1375 1664 nonnullis

227 1703 260 1754 in
276 1703 389 1756 casibus
403 1702 548 1768 praeoipue
564 1717 654 1769 quum
676 1717 803 1758 consona
823 1704 954 1757 radicalis
966 1705 1024 1770 jam
1045 1705 1151 1759 decidit
1164 1705 1194 1758 in
1210 1706 1256 1760 liis
1269 1707 1376 1774 linguis

228 1811 244 1850 e
259 1812 330 1853 sono
345 1799 498 1864 originario
520 1787 551 1852 in
575 1801 740 1854 molliorem
764 1814 879 1854 sonum.
903 1801 947 1854 Sic
964 1815 1004 1867 gr.
1022 1795 1115 1870 ayatpo'
1130 1797 1240 1876 (vigilo)
1263 1808 1307 1856 est
1322 1818 1374 1869 pro

229 1897 340 1965 ’γεγείρω
367 1897 471 1961 (sansc.
494 1888 602 1972 g'agp);
627 1911 719 1952 sansc.
742 1911 816 1974 acru
840 1891 996 1972 (lacrumo)
1024 1903 1068 1950 est
1082 1913 1133 1964 pro
1155 1895 1276 1976 *aaaffla
1307 1915 1374 1956 cum

229 1997 285 2062 qua
299 1997 391 2049 forma
418 1996 572 2050 concordat
593 1996 636 2049 lit.
657 2007 772 2052 aszara.
796 1998 822 2049 Si
845 1997 891 2049 hae
910 1999 1083 2063 conjectura
1108 1999 1270 2064 probabiles
1293 2006 1374 2063 sunt,

228 2105 286 2144 non
300 2093 384 2146 aliter
397 2094 568 2160 explicanda
580 2098 625 2146 est
640 2107 733 2160 graeca
746 2109 801 2149 vox
816 2099 891 2164 δάκρυ
907 2097 968 2161 (pro
986 2099 1107 2163 ’τακρυ-
1117 2099 1215 2164 ’κακρυ,
1227 2110 1294 2149 cum
1310 2099 1376 2150 den·

228 2189 279 2242 tali
292 2204 343 2256 pro
360 2191 507 2255 gutturali,
521 2191 597 2244 sicut
610 2192 639 2244 id
651 2197 732 2256 πέντε,
747 2197 863 2261 τέσσαρες
884 2196 958 2256 etc).
981 2192 1048 2246 ldeo
1063 2194 1093 2244 in
1115 2194 1234 2246 vocibus
1255 2194 1374 2259 celticis

228 2285 287 2338 bib.
310 2282 386 2356 dar,
412 2289 503 2340 camb.
527 2284 625 2360 decr,
651 2293 681 2342 et
694 2304 734 2354 gr.
750 2292 835 2358 δάκρυ,
850 2304 977 2343 consona
997 2291 1235 2357 reduplicationis
1255 2295 1376 2347 vertitur

230 2383 260 2436 in
275 2384 445 2438 debiliorem
460 2400 566 2440 sonum
580 2387 684 2440 mediae
699 2401 750 2454 pro
765 2387 846 2440 tenui
860 2388 1033 2454 regulariter
1047 2390 1232 2455 expectanda.
1248 2391 1305 2444 Vox
1318 2405 1377 2457 ger-

174 2500 176 2505 ·
228 2479 343 2532 manica
358 2483 423 2545 (got.
448 2481 540 2554 tagra,
565 2483 663 2535 thema
683 2480 779 2555 tagra)
802 2481 935 2547 sequitur
949 2480 996 2534 hic
1011 2482 1099 2534 etiam
1115 2483 1258 2549 propriam
1281 2484 1376 2550 legem

229 2576 264 2628 de
290 2581 437 2630 mutarum
465 2581 688 2645 transpositione
712 2584 742 2632 et
764 2579 882 2632 exhibet
904 2582 1024 2630 tenuem
1039 2592 1090 2644 pro
1105 2579 1201 2632 media
1224 2580 1254 2632 in
1269 2581 1377 2646 syllaba

229 2675 465 2740 reduplicationis
493 2682 522 2730 et
544 2678 670 2730 mediam
692 2691 742 2743 pro
765 2677 847 2730 tenui
873 2677 904 2727 in
926 2675 1035 2741 syllaba
1055 2676 1182 2729 radicali.
1205 2678 1304 2730 Latina
1321 2692 1376 2732 vox

229 2765 367 2828 lacrumo
391 2765 452 2846 (pro
476 2766 655 2848 'glabrumal
680 2773 791 2826 excutit
812 2771 988 2838 gutturalem
1014 2771 1139 2824 mediam
1154 2776 1219 2825 ante
1237 2773 1375 2839 liquidam

230 2869 305 2920 utin
327 2864 441 2942 lingua,
465 2866 523 2943 lac,
547 2867 655 2938 libum,
678 2871 729 2923 sed
746 2870 875 2936 geminat
890 2867 1030 2933 liquidam
1052 2867 1207 2921 radicalem
1223 2869 1252 2920 in
1268 2870 1378 2936 syllaba

230 2965 408 3031 reduplicata
428 2967 504 3021 sicut
523 2969 553 3020 in
574 2961 686 3041 flagro.
713 2967 776 3019 Haec
803 2966 1020 3018 omniaautem
1043 2965 1252 3017 confirmantur
1272 2978 1287 3017 a
1308 2979 1377 3018 voce

230 3062 300 3116 slav.
322 3058 413 3136 slata,
437 3067 467 3118 in
484 3067 540 3132 qua
556 3065 620 3118 duae
637 3065 798 3131 gutturales
815 3070 845 3118 et
859 3065 970 3131 liquida
983 3063 1121 3118 thematis
1137 3061 1284 3129 originarii
1297 3077 1378 3130 regu·

231 3161 329 3215 lariter
342 3167 595 3229 repraesentantur.

263 3261 417 3324 induratio,
439 3275 545 3328 nempe
567 3262 691 3315 mutatio
716 3262 821 3315 median
843 3266 872 3314 et
886 3263 1018 3328 aspirata
1031 3261 1062 3314 in
1075 3266 1204 3325 tenuem,
1224 3261 1335 3315 obtinet
1348 3260 1379 3313 in

231 3357 380 3412 hibernica
403 3373 462 3412 nou
487 3373 572 3413 secus
590 3373 623 3412 ac
644 3360 676 3412 iu
696 3359 824 3414 classicis
845 3359 960 3434 linguis,
984 3373 1044 3411 non
1066 3363 1164 3412 tamen
1183 3371 1266 3425 aequo
1281 3357 1377 3411 modo.

231 3459 328 3512 Graeca
343 3459 442 3525 lingua
455 3460 515 3526 jam
530 3463 625 3513 mutat
639 3459 670 3512 in
687 3464 806 3513 tenuem
823 3477 829 3512 z
846 3462 869 3512 l⁰
883 3472 1098 3525 quamcumque
1112 3459 1265 3525 aspiratam
1280 3457 1311 3510 in
1325 3459 1379 3524 syl-

230 3556 561 3622 labareduplioationis;
584 3560 611 3610 2⁰
636 3558 790 3624 aspiratam
814 3557 949 3610 labialem
975 3556 1168 3622 originariam,
1193 3569 1260 3622 quae
1283 3560 1327 3608 est
1348 3556 1378 3608 in

231 3653 314 3706 initio
331 3654 442 3714 radicis,
460 3654 576 3720 quoties
588 3653 668 3707 radix
683 3654 790 3707 desinit
803 3655 834 3707 in
849 3655 935 3707 aliam
950 3654 1103 3720 aspiratam
1120 3671 1125 3706 :
1140 3661 1214 3717 aaa,
1228 3662 1312 3718 aava,
1326 3667 1378 3719 pro
1442 3637 1447 3648 ⁸

233 3754 315 3816 'paa-,
329 3753 421 3816 *paraq
437 3753 462 3802 3ο
476 3749 603 3803 mediam
619 3754 649 3804 et
665 3751 819 3816 aspiratam
834 3755 897 3818 turn
915 3751 1049 3803 labialem
1061 3753 1124 3803 tum
1140 3750 1328 3816 gutturalem,
1345 3751 1380 3804 ad

233 3861 319 3914 quam
337 3849 453 3901 accedat
474 3848 597 3902 dentalis
622 3850 719 3902 tenuis
733 3849 780 3902 vel
803 3864 838 3903 s:
863 3850 955 3911 λεκτός,
970 3848 1028 3900 rad.
1045 3852 1107 3913 λεγ-;
1124 3850 1223 3912 δεκτός,
1238 3847 1297 3900 rad.
1312 3851 1377 3914 δεχ-;

232 3945 348 4013 ypocras,
362 3943 422 3996 rad.
435 3961 520 4013 γραφ·;
542 3945 617 4013 aptati
631 3947 685 3998 lut.
699 3947 787 4013 τρίψω,
800 3947 883 4014 γράφω
898 3947 994 4012 γράψω,
1011 3946 1063 4009 ἄγω
1078 3947 1136 4008 ἄξω,
1151 3947 1254 4011 δέχομαι
1272 3946 1379 4009 δέξομαι.

232 4041 330 4096 Latina
352 4042 452 4107 lingua
465 4046 559 4097 mutat
578 4043 609 4095 in
627 4047 759 4106 tenuem,
776 4043 826 4096 sed
849 4056 909 4096 non
923 4055 1046 4107 semper,
1062 4041 1181 4095 labiales
1198 4048 1228 4094 et
1251 4042 1382 4094 dentales

233 4139 371 4205 aspiratae
381 4137 549 4204 originarias
563 4138 593 4191 iu
605 4139 714 4194 radice:
730 4135 839 4211 patior,
855 4139 939 4211 puto,
956 4133 1082 4209 rutilus,
1104 4134 1236 4212 sapiens,
1253 4133 1346 4211 piscis
1356 4135 1379 4208 ¹3

266 4359 288 4408 l.
304 4361 358 4409 Lat.
374 4352 469 4428 piscis
493 4362 532 4410 ost
554 4371 601 4422 pro
614 4351 756 4430 *quiesia
785 4360 860 4423 cujus
881 4359 990 4410 initialis
1015 4359 1101 4410 lenuis
1129 4358 1265 4424 respondet
1292 4369 1381 4408 revera
