3580 5586
361 421 399 478 32
792 429 863 470 ria.
886 407 929 470 ii.
954 425 1025 470 coe.
1049 408 1074 470 i.

402 553 449 610 i3.
490 548 560 604 tris
595 547 732 603 tamiris
770 543 967 620 societater
1007 539 1182 600 imbellis
1224 539 1292 622 (per
1323 542 1413 606 iidem
1441 563 1508 625 quae

359 653 532 716 declaratur
570 650 603 710 in
636 645 822 728 baptismo).
867 679 908 692 -
942 649 996 706 tri
1028 650 1132 706 s-ico
1163 651 1232 708 iris
1266 645 1347 729 (per
1377 649 1505 732 iidem).

362 761 413 821 iri
437 755 495 838 (rel
526 759 593 830 tre,
623 751 693 835 per)
720 775 811 833 prosp.
841 774 947 831 regens
976 775 1038 818 acc.
1067 766 1095 818 Ζ.
1125 765 1187 818 610.
1217 759 1319 815 s-iao
1344 769 1400 820 art.
1438 765 1505 822 iem.

361 875 391 929 iu
425 886 487 930 acc.
526 871 600 940 sing.
637 865 708 922 iris
740 858 862 942 (iidem)
895 885 957 928 acc.
994 873 1069 942 sing.
1111 871 1285 928 substantivi
1321 873 1390 930 iem.
1431 877 1509 946 quod

359 982 500 1040 scribitur
525 975 647 1034 idnom.
676 977 750 1046 sing.
783 973 893 1046 atres,
925 973 1016 1048 ires,
1045 963 1163 1046 lires,
1194 975 1304 1048 iress;
1332 995 1397 1049 gen.
1432 984 1506 1053 sing.

360 1083 466 1154 iriae,
493 1080 618 1153 trisse,
651 1081 783 1140 occurrit
805 1087 990 1140 contractum
1018 1080 1090 1138 irse
1117 1085 1195 1142 inira
1219 1087 1250 1142 in
1279 1087 1316 1157 gl.
1345 1089 1379 1145 li.
1410 1089 1432 1144 1.
1462 1091 1506 1146 it.

360 1215 401 1230 -
443 1182 639 1260 sosissetar
695 1175 787 1258 (qua
833 1180 1044 1257 promittitur,
1103 1180 1292 1260 declaratur,
1346 1185 1509 1246 confitetur

361 1297 392 1352 in
410 1309 498 1352 sensu
524 1293 625 1364 pass).
652 1290 758 1348 subest
794 1291 856 1346 rad.
895 1301 982 1360 sem,
1014 1287 1097 1361 sim,
1125 1292 1208 1362 praei.
1238 1287 1291 1363 fo,
1320 1294 1507 1362 conterenda,

361 1407 393 1458 ut
417 1400 545 1470 videtur,
572 1412 639 1455 cum
668 1397 730 1452 rad.
760 1409 869 1452 sanscr.
900 1405 966 1484 pam
997 1386 1172 1470 (explicare,
1196 1391 1318 1468 docere,
1341 1389 1507 1471 reputare),

361 1509 453 1562 iiosen
498 1503 566 1560 iisd.
618 1515 659 1559 sc.
703 1503 734 1557 iu
773 1500 829 1557 hac
867 1500 963 1558 forma
1004 1508 1100 1558 autem
1141 1505 1225 1561 radix
1263 1505 1380 1562 ridetur
1419 1507 1509 1562 radu-

361 1611 478 1684 plicats.
520 1603 715 1680 fosissetor
754 1613 800 1666 est
848 1611 866 1665 3
902 1623 980 1680 pers.
1033 1611 1107 1680 sing.
1155 1626 1242 1682 praes
1297 1627 1372 1683 pass.
1426 1613 1509 1670 verbi

360 1712 518 1788 solomim
545 1707 667 1790 (fateor,
694 1705 853 1787 confiteor)
880 1715 959 1784 quod
986 1717 1118 1772 occurrit
1146 1717 1177 1770 in
1200 1715 1261 1772 tib.
1286 1719 1378 1775 Brcac
1404 1721 1431 1778 t.
1458 1721 1505 1787 66,

361 1830 392 1882 et
440 1823 665 1894 disjungendum
712 1829 758 1879 est
798 1823 829 1876 in
874 1813 1095 1891 facim-im,
1125 1823 1189 1878 rad.
1217 1819 1296 1877 sim.
1331 1821 1509 1878 Termiuatio

362 1928 444 1984 -tor
470 1932 486 1986 3
515 1943 649 2001 persouae
675 1931 750 1999 sing.
780 1943 866 1999 praes.
890 1943 966 2000 pass.
986 1943 1053 1999 quaa
1071 1929 1122 1984 hic
1149 1929 1234 1984 obvia
1260 1935 1306 1985 est
1330 1928 1395 1984 sine
1417 1928 1510 1984 inicu-

362 2038 443 2094 tlone
469 2051 619 2094 excussam
644 2043 709 2094 anie
743 2051 775 2093 sc
799 2043 957 2094 consonam
978 2038 1105 2094 uasaicm
1131 2039 1250 2094 iudicat.
1284 2039 1387 2094 itidem
1411 2035 1510 2091 radice

363 2145 499 2200 nituntur
534 2142 637 2198 forms
664 2133 895 2219 suismedocls
923 2132 1163 2215 (confessorum)
1201 2141 1282 2198 Stok.
1331 2141 1414 2198 Goid.
1460 2141 1509 2207 653

361 2239 502 2321 fdisitc,
521 2241 668 2317 soisttiu
683 2237 863 2321 (confessio)
878 2252 906 2304 Ζ.
923 2251 967 2310 ici.
983 2251 1036 2305 268
1050 2255 1080 2305 ct
1093 2249 1170 2304 inira
1185 2246 1429 2318 gi.ii.ii.1o.ci.
1444 2245 1509 2303 O’R.

360 2349 546 2428 [oisisiicr
584 2343 630 2426 (is
670 2345 937 2427 ackn0w1edged)‚
979 2348 1120 2424 foosma
1161 2341 1508 2428 (ackuowlcdgement)‚

360 2449 628 2532 solsticiuqed,
661 2453 718 2512 etc.

403 2565 451 2623 it.
475 2559 538 2620 aret
560 2559 830 2637 foirdtlciptder
853 2558 887 2638 .l.
911 2561 972 2620 out
992 2562 1163 2640 forscaar
1187 2561 1222 2642 .l.
1248 2561 1373 2622 labori
1395 2563 1511 2619 incorr

361 2666 470 2728 dolos
492 2664 643 2725 ducllum
666 2667 796 2740 cirse7
815 2664 949 2744 dilpud
973 2684 993 2726 a
1014 2666 1144 2744 pectlte
1169 2667 1279 2726 adoll)
1302 2669 1354 2725 tri
1373 2662 1511 2724 doitltr's

361 2773 405 2858 (id
437 2774 520 2854 quod
555 2776 790 2835 consummatur
817 2773 838 2834 i.
865 2789 891 2834 e.
920 2774 951 2836 id
984 2775 1067 2853 quod
1101 2775 1210 2837 iinitur
1243 2777 1264 2836 i.
1299 2791 1327 2836 c.
1352 2771 1511 2836 conversio

360 2879 523 2944 homiuum
554 2877 594 2938 ad
625 2877 716 2939 iidem
750 2890 781 2940 ct
817 2879 959 2942 remissio
995 2895 1103 2940 corum
1140 2883 1334 2959 peccatorum
1376 2879 1421 2944 cis
1456 2893 1511 2958 pcr

360 2980 574 3066 baptismum).
590 3015 631 3028 -
643 2983 912 3062 soirdtltipiter
926 2983 1185 3066 (consummatur,
1199 2984 1383 3067 perficitur),
1399 2995 1417 3049 3
1431 3007 1509 3063 pers.

360 3101 436 3170 sing.
451 3098 512 3154 ind.
528 3112 615 3169 praes.
629 3113 706 3170 pass.
722 3097 805 3154 verbi
826 3099 917 3157 derlv.
938 3115 956 3155 a
973 3101 1111 3172 particlp.
1131 3094 1295 3170 foirdtlte
1315 3089 1509 3174 (perfectus),

361 3205 424 3262 rad.
454 3197 506 3273 be,
543 3197 620 3272 deo,
650 3205 734 3273 praei.
765 3196 845 3273 [οη
879 3221 906 3262 v.
942 3220 1032 3277 supra
1067 3207 1105 3276 gl.
1134 3209 1157 3262 1.
1187 3208 1222 3262 II.
1252 3207 1297 3267 io.
1325 3208 1353 3262 Z.
1386 3206 1449 3265 irio.
1475 3235 1510 3246 -

360 3295 533 3379 sor'seoor
559 3296 740 3378 (perficitur,
763 3298 896 3380 linitur),
924 3310 941 3365 3
978 3323 1056 3379 pers.
1094 3311 1169 3379 sing.
1209 3311 1270 3366 iud.
1306 3325 1393 3381 praes.
1432 3324 1508 3380 pass.

360 3416 466 3474 Censet
495 3417 540 3471 W.
570 3413 690 3478 stokes,
726 3413 808 3470 Goid.
847 3415 892 3479 V.,
927 3408 1101 3484 forfeaar
1130 3428 1195 3472 csse
1229 3429 1283 3486 pro
1312 3407 1512 3485 forcdeoor

361 3537 428 3580 cum
454 3514 548 3593 fpro
575 3511 630 3589 oli,
662 3533 720 3590 quo
749 3521 779 3576 in
805 3534 876 3576 casu
901 3522 957 3578 hoc
983 3525 1106 3580 verbum
1126 3529 1204 3580 esset
1226 3525 1511 3582 denominativuma

359 3627 511 3704 forcona
544 3622 658 3706 (linis)
687 3637 715 3689 Ζ.
744 3617 808 3694 iia.
836 3633 877 3690 ci.
904 3634 941 3706 gi.
969 3635 1018 3690 Mi.
1046 3626 1226 3704 sorciaco
1260 3623 1510 3708 (consummare)

360 3741 444 3798 Stok.
483 3741 566 3798 Goid.
606 3742 651 3800 ii.
689 3740 746 3796 sad
778 3739 898 3796 obstant
931 3741 1088 3812 hypothesi
1123 3746 1185 3797 tum
1213 3751 1230 3792 c
1255 3755 1315 3796 non
1342 3741 1452 3797 iniecta
1466 3740 1510 3809 ,iu

359 3841 511 3918 forcona
538 3851 569 3903 et
593 3839 784 3916 forceaaa,
813 3851 876 3902 tum
905 3847 1061 3916 geminatio
1088 3847 1120 3902 in
1148 3846 1194 3901 his
1224 3845 1346 3902 vocibus
1371 3858 1510 3902 cousouae

360 3954 468 4011 uassiis
508 3967 574 4022 quae
611 3953 733 4022 simplex
778 3957 824 4008 est
863 3953 894 4008 in
934 3945 1112 4022 [orfanor.
1154 3955 1288 4008 Fortasse
1321 3952 1509 4008 statuendum

359 4052 531 4129 forscoar
557 4072 622 4114 esse
653 4057 702 4115 hic
730 4071 784 4128 pro
810 4050 995 4126 sorbeatur,
1027 4059 1132 4115 arad.
1161 4051 1241 4126 oen,
1271 4073 1339 4116 cum
1370 4051 1464 4128 fpro
1492 4050 1511 4110 b
1560 4045 1563 4052 ’

359 4165 471 4224 iniecta
498 4180 516 4221 a
543 4167 633 4237 praec.
662 4179 754 4237 praep.
781 4158 850 4235 for.
879 4167 994 4222 Transit
1025 4167 1105 4222 euim
1132 4165 1366 4236 quandoquidem
1393 4156 1411 4216 d
1437 4165 1469 4219 in
1494 4157 1516 4232 f

360 4274 391 4329 iu
418 4276 534 4331 vetusti
567 4275 668 4343 lingua
703 4273 874 4340 hibernica,
903 4279 938 4330 ut
965 4274 997 4329 iu
1032 4272 1133 4330 formis
1160 4271 1308 4343 parallelis
1335 4262 1509 4324 cammaro
