3580 5586
686 498 758 542 rao·
782 477 843 542 lIl.
867 496 940 542 cot.
962 478 987 541 l.
1371 487 1410 545 11

262 615 370 674 vocalis
407 619 597 676 derivationis
627 619 801 678 substantivi
829 613 936 673 temet
961 633 1095 692 regressa
1129 624 1174 677 est
1205 620 1241 676 ad
1279 621 1407 680 vocalem

262 724 430 782 radicalem.

302 827 349 886 13.
396 840 436 884 oc
468 823 610 884 tcboa'rt
647 823 870 884 bcndcolvtne
912 823 987 900 soir
1027 821 1213 884 birriccltt
1251 840 1329 884 essa
1365 821 1408 903 (in

259 931 418 994 collatione
447 931 669 994 benedictionis
699 947 886 1009 supereum
911 946 967 1010 pro
989 929 1094 1010 llsaii).
1112 963 1153 976 -
1179 930 1409 992 deadoolvtoe

262 1031 518 1114 (benedictionis),
537 1057 603 1113 gen.
619 1043 694 1112 sing.
708 1043 880 1101 substantivi
895 1044 964 1100 lem.
980 1035 1157 1096 beadoolvt
1175 1043 1284 1112 (thema
1299 1043 1328 1098 in
1343 1032 1373 1114 a)
1391 1056 1409 1098 a

259 1147 310 1204 lat.
320 1150 506 1219 transumpti,
518 1163 586 1206 eum
598 1149 807 1205 assimilatione
816 1150 960 1206 vocalium
970 1147 1008 1206 ob
1022 1147 1230 1205 assonantiam.
1243 1145 1305 1202 Alia
1314 1145 1409 1202 torma

259 1257 380 1326 genitivi
394 1256 470 1326 slng.
485 1248 714 1310 beadcelvtca
728 1257 838 1326 (thema
849 1258 880 1312 in
893 1247 926 1328 a)
941 1257 1073 1313 occurrit
1086 1255 1163 1326 apud
1176 1258 1205 1310 Z.
1216 1246 1409 1324 lin—sot'r

262 1352 490 1435 (superffeum),
508 1376 601 1433 praep.
628 1354 687 1431 for
716 1375 783 1418 cum
810 1375 895 1432 pron.
924 1363 941 1418 3
966 1375 1045 1432 pers.
1069 1374 1158 1416 masc.
1179 1358 1268 1414 lnnxo
1286 1360 1318 1414 ln
1336 1372 1407 1415 casu

259 1481 322 1526 acc.
351 1471 380 1524 z.
404 1470 467 1530 311.
497 1470 558 1529 531,
589 1493 630 1506 -
660 1459 846 1520 birrtcobt
881 1457 1096 1539 (ta-riccbt,
1133 1472 1200 1534 pro,
1230 1453 1314 1533 vice,
1342 1457 1408 1518 loeo

259 1575 306 1632 vel
331 1568 364 1630 in
389 1565 511 1647 sormi),
539 1574 602 1632 adv.
617 1574 782 1646 subspeoie
806 1575 896 1634 dativi
915 1576 989 1645 sing.
1010 1589 1078 1631 cum
1101 1577 1243 1644 sequente
1268 1573 1407 1644 genitivo.

259 1708 300 1721 -
322 1693 401 1738 aesc
431 1673 548 1756 (Esaii),
577 1698 644 1754 gen.
671 1685 746 1754 sing.
774 1697 804 1740 u.
836 1697 868 1753 p.

300 1784 347 1843 13.
376 1785 460 1859 oeta
489 1781 581 1842 crist
611 1781 708 1842 band
738 1783 880 1840 torreto
908 1776 1147 1859 (generationem
1176 1775 1292 1838 Christi
1313 1793 1350 1838 ex
1371 1793 1407 1838 eo

258 1881 387 1966 postea).
428 1915 470 1930 -
492 1889 576 1963 yolo
615 1883 891 1966 (generationem),
935 1907 997 1949 aec.
1027 1891 1103 1960 sing.
1133 1890 1308 1947 substantivi
1336 1889 1404 1946 lem.

259 1995 354 2070 oeta,
399 2012 466 2069 gen.
504 1994 622 2068 cetae,
674 2001 732 2056 orti
756 2014 774 2054 a
799 1999 862 2056 rad.
888 1999 962 2066 orig.
991 1998 1058 2056 Gllll
1088 1985 1222 2069 (nasci),
1259 1996 1407 2052 communi

259 2104 393 2176 plurimis
421 2105 529 2175 linguis
554 2106 795 2175 indo-europaeis,
823 2105 875 2161 Eb.
913 2104 986 2160 Bait.
1015 2104 1050 2158 ll.
1078 2104 1140 2158 161.
1170 2126 1211 2139 -
1233 2091 1332 2152 baad
1359 2090 1408 2171 (ab

260 2199 318 2281 eo),
348 2223 440 2279 praep.
469 2218 487 2260 o
512 2197 588 2281 (oo)
618 2223 794 2280 cumpton.
823 2211 841 2266 3
873 2223 951 2279 pers.
986 2209 1063 2277 slng.
1095 2207 1154 2262 dat.
1172 2219 1262 2262 masc.
1292 2206 1405 2262 suffixo.

258 2317 287 2370 Z.
316 2315 379 2370 590.
405 2309 601 2367 -v'ortoia
632 2304 775 2387 (postea),
802 2313 928 2372 formula
953 2310 1127 2369 adverbialls
1152 2310 1263 2378 subst3
1288 2309 1326 2366 ad
1348 2309 1405 2366 litt.

258 2415 327 2488 post
354 2413 486 2490 ternpus.
512 2423 540 2476 z.
569 2423 621 2477 565

300 2524 348 2580 lb.
393 2523 431 2580 a'a
479 2520 740 2582 oetbcrdotcid
793 2521 826 2598 .).
881 2535 996 2596 orocp
1036 2516 1172 2579 semlid
1218 2515 1331 2576 oettt'
1365 2534 1408 2578 ar

259 2629 457 2686 crettemnv'.
504 2625 635 2686 coadt'b
682 2629 763 2686 sata
802 2642 937 2703 person
976 2629 1072 2684 mole
1112 2623 1154 2683 de
1188 2639 1274 2682 cotes
1313 2627 1408 2694 maie

259 2731 367 2792 duint
404 2732 484 2792 lina
517 2733 551 2806 .).
586 2731 716 2792 condid
750 2737 880 2794 aretem
913 2736 1054 2791 oeteoro
1085 2747 1245 2809 persona
1281 2728 1334 2788 tin
1369 2728 1403 2808 .(.

254 2853 387 2914 perena
432 2835 542 2896 atbar
585 2853 670 2896 acas
712 2840 803 2897 moto
842 2835 884 2898 de
923 2854 1009 2898 oens
1045 2839 1139 2896 mato
1172 2835 1286 2896 notor.
1323 2851 1408 2894 coca

259 2944 400 3018 optorto
439 2941 546 3002 aoid..
590 2939 862 3021 (quaternitatem,
890 2943 912 3002 i.
945 2958 971 3003 o.
1001 2958 1040 3001 ne
1066 2942 1108 3001 ita
1136 2940 1177 3002 sit
1196 2939 1273 3003 fides
1301 2943 1407 3002 nostra

260 3052 295 3110 ut
325 3048 367 3110 sit
391 3048 514 3110 diversa
537 3064 670 3126 persona
694 3050 751 3111 lllii
779 3050 828 3113 dei
855 3053 884 3110 et
912 3048 968 3110 filii
988 3049 1125 3110 hominis
1146 3046 1227 3125 apud
1248 3063 1317 3123 nos,
1340 3047 1360 3107 i.
1377 3063 1404 3110 e.

260 3158 294 3214 ut
319 3154 360 3215 sit
385 3153 461 3216 fides
490 3158 623 3233 quatuor
643 3172 845 3234 personarum
869 3155 951 3232 apud
972 3170 1039 3230 nos,
1063 3153 1084 3213 i.
1108 3169 1135 3214 e.
1158 3169 1291 3232 persona
1310 3153 1408 3232 patris

260 3260 290 3318 et
326 3256 383 3317 lilii
417 3257 466 3318 dei
504 3262 534 3320 et
566 3259 622 3320 filii
647 3260 802 3338 hominia,
834 3263 864 3322 et
889 3259 1018 3338 spiritus
1047 3257 1170 3339 sancti).
1199 3292 1241 3306 -
1265 3259 1407 3320 cattor-

260 3360 395 3422 dotca‘d
423 3359 694 3445 (quaternitatem),
719 3387 782 3429 ace.
797 3373 873 3442 slog.
887 3371 1061 3428 substantivi
1076 3387 1165 3428 maso.
1187 3363 1408 3426 oettnrdotn

263 3464 315 3546 (Gi.
357 3467 560 3544 troodata'd,
600 3471 770 3532 trinitatem
813 3479 842 3534 Z.
868 3479 949 3546 273),
982 3477 1115 3546 derivati,
1144 3483 1178 3534 ut
1216 3469 1403 3545 cetlvcrdc,

260 3584 447 3640 enumerali
470 3585 611 3644 cardinall
641 3578 789 3654 terrear,
829 3577 948 3637 cetltc'r
990 3572 1157 3656 (quatuor)
1196 3587 1226 3640 z.
1251 3586 1314 3640 310.
1344 3587 1406 3642 320.

260 3687 301 3743 Gi.
323 3687 401 3743 inira
427 3689 468 3757 gl.
497 3690 542 3745 lv.
570 3692 606 3746 ll.
635 3693 681 3745 26.
717 3682 890 3742 cetltca'rd
929 3679 979 3761 (gl.
1019 3663 1186 3763 quadrati).
1215 3715 1255 3727 -
1295 3701 1408 3762 areop

259 3787 394 3849 scmlid
433 3787 530 3849 tetro
566 3807 609 3849 or
641 3792 847 3866 oreitemne',
887 3795 923 3852 ad
953 3796 1009 3851 litt.
1040 3803 1080 3849 ne
1116 3788 1157 3849 sit
1196 3789 1239 3851 ita
1266 3793 1302 3850 ut
1328 3795 1409 3854 esset

203 3981 207 3990 ι
261 3891 336 3956 tides
362 3897 479 3956 nostra.
510 3912 624 3975 areop
655 3895 705 3976 (ue
735 3893 784 3978 sit)
819 3903 1044 3975 disjungendum
1069 3913 1238 3976 or-ao-p;
1271 3918 1312 3960 or
1348 3898 1405 3981 (ut)

261 4011 446 4082 conjunctim
476 4020 522 4064 oo
549 4001 635 4086 (non)
663 4011 809 4082 particula
846 4012 993 4081 negativa
1025 4021 1050 4083 p
1086 4027 1140 4082 pro
1169 4005 1210 4065 bb
1236 4019 1282 4070 est
1315 4015 1409 4074 torma

250 4109 414 4174 ‘conuecta
447 4119 465 4174 3
492 4132 569 4188 pers.
604 4119 681 4188 sing.
716 4119 795 4190 conj.
837 4120 919 4178 verbi
951 4119 1139 4186 substantivi,
1171 4121 1201 4176 Z.
1235 4121 1304 4189 135,
1339 4134 1407 4176 cum

261 4221 418 4278 assimilata
441 4221 595 4280 relatione.
622 4213 755 4274 samito
786 4210 868 4296 (ita),
898 4222 963 4280 adv.
1000 4223 1080 4294 quod
1116 4224 1257 4280 scribitur
1292 4237 1409 4294 quoque

260 4315 433 4391 sotalca'd,
468 4327 496 4382 z.
522 4327 586 4389 561.
613 4325 704 4386 derlv.
729 4341 746 4383 a
772 4318 890 4380 ramat
917 4332 948 4385 et
974 4341 1148 4393 connexum,
1178 4327 1264 4386 etlam
1294 4329 1324 4383 ln
1355 4327 1405 4385 da·
