3580 5586
392 407 429 464 ³8
812 415 881 460 rue.
904 396 947 460 ii.
972 415 1044 462 eon·
1067 398 1111 462 ii.

433 536 481 594 it.
510 531 610 592 dista
635 529 845 609 doatrbltnq
876 530 924 603 ide
950 530 1010 594 hoc
1032 529 1169 612 desiliit).
1192 563 1233 576 -
1252 528 1376 591 att-ala
1389 526 1535 610 (dehoc),

392 657 478 714 pron.
509 643 587 702 dem.
616 638 674 695 sia
701 655 769 700 eum
804 655 897 712 praep.
925 633 965 696 dt
991 643 1075 714 praei.
1107 647 1135 702 z.
1170 646 1235 700 353.
1263 667 1304 682 -
1328 632 1539 713 doatrtltaq

395 741 550 825 (desiliit),
581 753 612 809 in
657 765 719 822 seq.
757 751 795 822 gl.
835 740 1074 822 coaretatur),
1110 758 1155 809 est
1182 766 1236 824 pro
1265 740 1535 820 decr-ladini),

393 861 580 931 transpositis
607 859 723 916 litteris.
751 857 937 916 Praeteritum
971 858 1085 929 redupi.
1117 859 1205 931 huJus
1235 857 1317 916 verbi
1343 859 1476 914 occurrit
1508 857 1539 912 iu

392 969 477 1039 Olug.
504 967 597 1024 Gloss.
628 958 835 1036 roieblct'nq
869 953 925 1038 (εκ
955 956 1172 1040 roielcdt'nq)
1204 955 1241 1040 .).
1274 957 1415 1037 retiam
1451 972 1483 1022 et
1508 967 1539 1022 ln

392 1076 508 1134 O'iiev.
550 1073 644 1132 Glosa.
683 1071 739 1130 sub
776 1087 840 1130 voc.
877 1064 1092 1143 scructator
1127 1084 1137 1126 :
1174 1064 1539 1145 roietdtiaqessctar;

393 1179 510 1248 stokes,
539 1179 583 1236 ili.
613 1181 650 1236 lr.
683 1178 723 1248 gl.
749 1179 794 1236 83.
823 1179 885 1234 130.
913 1177 981 1234 ideo
1016 1167 1237 1248 decretusne
1275 1179 1468 1248 compositum
1495 1185 1540 1235 est

393 1287 504 1358 duplici
543 1302 635 1359 praep.
679 1277 795 1354 etc-cr,
835 1284 934 1340 radice
967 1274 1026 1334 tot
1063 1288 1094 1338 et
1132 1282 1313 1340 derivatione
1351 1291 1433 1352 naq,
1465 1277 1537 1354 inq.

393 1389 517 1446 Labiails
550 1390 646 1446 media
682 1390 713 1445 in
752 1389 847 1444 subet.
877 1377 961 1438 itam
994 1375 1119 1458 (saltus)
1153 1387 1198 1444 vel
1235 1387 1334 1444 deficit
1362 1387 1392 1443 ln
1417 1395 1463 1453 m,
1495 1387 1540 1443 vei

394 1495 515 1550 eliditur
538 1497 617 1550 sim
640 1495 770 1564 pertinet
796 1492 845 1550 hic
869 1492 906 1548 ad
932 1491 1153 1549 derivationem.
1182 1492 1224 1548 iii.
1252 1507 1339 1550 voces
1362 1491 1541 1548 britannicae

393 1601 506 1656 cambr.
549 1591 715 1652 lammam
754 1587 869 1670 (salio),
915 1610 996 1652 corn.
1038 1589 1164 1650 lemme
1201 1587 1247 1672 (io
1284 1589 1387 1671 ieap),
1421 1604 1479 1654 etc.
1507 1598 1540 1653 iu

393 1695 604 1776 doetrbttaq
628 1705 756 1760 notanda
786 1712 832 1762 est
856 1693 868 1757 t
897 1705 1042 1776 producta
1061 1721 1114 1776 pro
1140 1701 1192 1773 ai,
1216 1712 1355 1777 utsupra
1373 1707 1404 1761 ln
1423 1692 1542 1775 tendis

394 1825 448 1882 pro
494 1805 639 1883 teydcta
675 1812 715 1881 gt.
745 1812 767 1868 l.
796 1812 818 1866 i.
845 1813 890 1868 12.
919 1813 1008 1868 Radix
1034 1815 1109 1882 orig.
1138 1819 1183 1869 est
1207 1814 1282 1879 llll,
1307 1825 1418 1868 sanscr.
1447 1801 1541 1879 lamb,

393 1917 443 1974 lat.
492 1910 629 1987 litt-o,
688 1911 836 1970 icit-er.
888 1919 1063 1973 Praeclarum
1114 1917 1255 1974 habemus
1302 1917 1363 1981 hic,
1399 1917 1430 1970 ni
1466 1915 1543 1971 torte

394 2025 525 2088 unicum,
553 2025 717 2096 exemplum
746 2024 860 2080 iabieiis
886 2023 991 2078 mediae
1011 2025 1179 2092 originariae
1206 2025 1236 2079 in
1264 2023 1365 2093 lingue
1391 2021 1544 2078 hibernica

394 2140 526 2192 servatae.

437 2237 486 2294 ia.
524 2235 583 2292 atr
617 2235 724 2291 intare
746 2229 792 2290 cd
819 2234 896 2291 etta
930 2247 999 2291 anat
1032 2231 1168 2290 redacte.
1205 2230 1284 2290 inat
1316 2231 1402 2292 torte.
1432 2231 1542 2291 donr-

394 2339 526 2416 dlct'nq
574 2337 641 2398 dea
694 2335 859 2397 chamuti
909 2337 1099 2414 foromdo‘i.
1154 2355 1194 2397 ar
1245 2337 1437 2398 omolidoit
1470 2333 1541 2419 spo.

395 2444 439 2505 sic
463 2442 537 2503 dart
563 2443 789 2522 doarblcinq
823 2442 888 2503 tad
918 2444 1030 2503 celata
1059 2443 1124 2502 din
1151 2442 1314 2502 clamati
1341 2445 1544 2506 inritamen

394 2567 412 2628 7
443 2553 559 2610 innan
587 2548 764 2627 droctqm'
793 2550 894 2627 forsa
924 2549 1030 2608 rodae
1060 2551 1165 2608 tntae
1197 2547 1420 2609 cdoocdatre
1450 2567 1543 2628 spon-

395 2669 465 2714 sum
496 2650 531 2732 .).
554 2649 711 2714 Christum
741 2649 825 2731 (nam
857 2667 956 2731 quum
981 2649 1119 2730 primum
1147 2649 1226 2712 vidit
1245 2648 1380 2714 Rebecca
1404 2651 1543 2716 isaacum

398 2755 512 2819 desiliit
541 2755 580 2819 de
607 2755 724 2819 camelo
751 2769 844 2836 super
870 2773 932 2836 quo
953 2758 1018 2818 erat
1043 2759 1167 2836 propter
1187 2755 1393 2820 humilitatem
1416 2760 1544 2838 spiritus

399 2861 445 2923 sic
474 2864 504 2923 ct
530 2861 646 2924 desiliit
681 2861 809 2924 ccclesia
841 2861 880 2923 de
909 2860 1025 2924 camelo
1059 2861 1209 2942 superbie
1243 2867 1273 2925 et
1311 2863 1544 2928 malefactorum

398 2983 492 3047 super
518 2983 580 3048 quo
606 2970 671 3030 erat
695 2981 793 3047 quum
823 2966 901 3030 vidit
929 2982 1080 3047 sponsum
1108 2965 1130 3027 i.
1160 2981 1187 3030 e.
1221 2966 1404 3051 Christum).
1433 2970 1545 3031 -nd

394 3073 473 3131 cito
502 3087 569 3131 oeae
605 3068 753 3151 (primum
779 3069 882 3151 vidit).
913 3074 990 3132 cita
1019 3068 1195 3153 (primum),
1226 3081 1291 3140 adv.
1319 3083 1398 3152 quod
1426 3083 1544 3139 obvium

398 3195 443 3246 cst
471 3187 548 3259 apud
575 3187 603 3243 z.
631 3185 685 3242 sub
712 3185 807 3243 torma
833 3184 929 3256 cetu,
961 3183 1056 3256 cota,
1085 3183 1202 3260 cteta,
1233 3194 1265 3246 ct
1288 3190 1405 3246 videtur
1430 3191 1544 3246 deriva-

397 3299 460 3350 tum
489 3306 506 3348 e
531 3282 586 3346 ce‘t
615 3281 773 3365 (primus);
807 3290 846 3347 ci.
879 3285 1065 3362 foetetotr
1099 3281 1170 3364 (sub
1201 3284 1302 3375 prima
1333 3284 1402 3364 ort,
1427 3285 1542 3364 illico),

397 3401 461 3458 316.
489 3401 552 3460 oon.
578 3399 641 3454 568.
669 3400 750 3454 1130.
792 3407 862 3450 cca
901 3389 1032 3472 (vidit)
1074 3400 1198 3457 fortasse
1221 3403 1456 3475 conjungendum
1476 3417 1543 3459 cum
1575 3383 1584 3396 ⁸

395 3523 488 3580 praec.
521 3497 581 3575 cd,
623 3506 826 3563 intercedente
868 3505 1006 3563 adverbio
1049 3501 1138 3576 otta,
1182 3509 1224 3564 ita
1256 3513 1290 3564 ut
1323 3507 1476 3576 legandum
1506 3509 1546 3564 sit

396 3605 553 3666 ud-aooe.
588 3612 630 3669 ci.
661 3615 793 3670 formas:
818 3601 935 3680 nteit,
963 3601 1045 3664 adet
1072 3600 1196 3685 (videt),
1212 3608 1281 3680 cca',
1312 3608 1392 3665 ccci
1416 3603 1543 3685 (vides),

396 3709 515 3771 cciccd
540 3709 693 3791 (videtis),
722 3709 871 3770 odeette
899 3706 1084 3790 (videretis),
1118 3710 1269 3771 adedere
1284 3706 1455 3790 (cognitum
1470 3709 1541 3792 est),

396 3815 624 3878 cncdettter
652 3814 748 3896 (quod
778 3813 926 3896 videtur),
958 3816 1066 3876 dcccc
1092 3814 1223 3898 (video)
1251 3829 1281 3883 z.
1308 3827 1372 3888 [137.
1398 3829 1461 3887 tel.
1480 3826 1543 3882 839.

396 3955 436 3968 -
448 3921 528 3984 tant
554 3926 630 3983 isac
643 3932 680 3988 ed
703 3931 759 3988 litt.
774 3940 845 3985 eum
862 3921 1011 3986 isaacum.
1031 3959 1070 3970 -
1081 3923 1259 4002 fercmbdt
1273 3934 1542 4002 decomponendum

395 4030 614 4110 for-am-ddi
641 4030 757 4113 (super
781 4048 842 4111 quo
867 4017 964 4113 erat).
991 4065 1031 4078 --
1055 4031 1256 4093 omalldot't
1283 4029 1543 4112 (humilitatem),

402 4159 457 4201 vox
488 4158 505 4199 a
531 4143 583 4201 lat.
611 4147 774 4216 desumpta,
801 4161 868 4202 cum
888 4147 1095 4203 assimilatione
1113 4145 1257 4203 vocalium
1276 4144 1313 4202 ob
1337 4145 1543 4201 assonantlam.

400 4275 439 4290 -
459 4240 521 4324 spo
541 4253 695 4323 legendum
716 4249 859 4326 spirate
882 4244 1045 4326 (spiritus),
1070 4268 1137 4325 gen.
1159 4254 1230 4323 sing·
1257 4253 1431 4310 substantivi
1455 4268 1471 4308 a
1491 4252 1542 4308 iat.
