3580 5586
388 389 427 446 2⁰
832 400 901 446 aaa.
925 380 949 445 1.
973 398 1046 446 coa.
1069 380 1094 444 1.

389 515 420 574 is
432 511 514 593 (ost),
530 522 548 576 3
561 535 640 592 pers.
653 521 725 592 sing.
738 521 799 578 ind.
815 535 901 592 praes.
916 519 998 577 verbi
1012 520 1198 585 substantivi,
1212 522 1298 593 cujus
1312 522 1395 578 radix
1408 532 1445 576 aa
1459 535 1539 578 com·

389 627 485 683 munis
498 631 544 682 est
559 625 693 697 pluribus
707 627 816 698 linguis
838 627 1078 698 indo-europaeis.
1100 629 1212 684 Formae
1226 628 1356 698 antiqua
1379 627 1540 686 hibernicae

391 751 458 808 qua
485 742 644 809 supersunt
672 738 760 809 hujus
791 739 899 794 radicis
931 742 1120 808 exponuntur
1152 753 1169 795 a
1200 741 1287 796 zeuss
1313 741 1367 801 ulo
1393 744 1424 796 et
1449 754 1465 795 a
1495 741 1538 796 W.

391 836 511 906 stokes,
526 839 567 894 ir.
581 838 621 910 gl.
634 854 664 910 p.
680 843 742 897 127.
758 869 791 882 -
801 833 831 894 sl
847 830 925 913 lea),
945 854 1107 912 pronomen
1125 841 1142 898 3
1163 855 1242 912 pers.
1255 842 1332 911 sing.
1346 841 1416 898 iem.
1432 843 1461 898 Ζ.
1477 843 1540 900 333.

391 932 530 994 -·da'os
550 930 671 1013 (duitas
685 943 707 998 i.
722 957 750 998 e.
765 934 834 998 dum
848 935 1015 1016 persona),
1036 944 1130 1000 subal.
1150 943 1300 1000 numerale
1322 943 1392 1000 iem.
1412 943 1443 1000 iu
1462 958 1540 1002 nom.

393 1051 468 1120 sing.
485 1051 513 1106 Ζ.
529 1052 593 1108 313.
608 1080 644 1092 -
657 1045 756 1104 iasio
771 1041 857 1124 (hanc)
874 1060 920 1109 est
935 1065 1097 1123 pronomen
1111 1051 1370 1108 demonstrativum
1384 1049 1442 1106 sia
1456 1067 1543 1124 quem

393 1155 537 1226 precedit
550 1156 693 1213 articulus
707 1152 754 1225 ic,
773 1159 801 1212 Ζ.
817 1158 880 1218 353.
895 1185 930 1199 -
941 1150 1114 1228 otnptlacr
1129 1147 1277 1230 (ungiturl
1294 1173 1322 1215 v.
1338 1159 1377 1228 gl.
1393 1157 1416 1225 l,
1428 1159 1451 1225 l,
1465 1160 1493 1214 3.
1509 1188 1544 1200 -

395 1257 528 1316 leosom
550 1253 650 1337 (apud
663 1272 715 1318 eos
723 1266 732 1333 l
748 1263 973 1334 disjungendum
988 1271 1035 1322 est
1057 1267 1087 1321 iu
1110 1258 1303 1336 lem-soom
1326 1259 1361 1321 le
1384 1273 1430 1325 eat
1451 1281 1544 1338 praep.

396 1370 446 1446 la,
465 1379 683 1450 incompositis
704 1372 766 1446 le-,
787 1372 845 1448 lt-,
873 1393 978 1448 regens
997 1381 1194 1438 accusativum
1215 1387 1245 1437 et
1263 1382 1429 1451 significans
1450 1375 1543 1454 apud,

395 1488 425 1542 Ζ.
438 1489 505 1555 6023
519 1497 542 1540 aa
564 1491 609 1542 est
631 1499 793 1558 pronomen
816 1485 950 1542 suffixum
971 1487 988 1542 3
1012 1500 1090 1556 pers.
1113 1487 1153 1558 pl.
1177 1501 1287 1556 accus.;
1309 1499 1387 1542 som
1410 1495 1455 1547 est
1476 1492 1545 1546 item

397 1611 559 1668 pronomen
573 1600 591 1655 3
604 1612 682 1670 pers.
697 1598 776 1668 qaod
788 1597 980 1668 conjunctum
996 1609 1062 1654 cum
1083 1599 1271 1668 praeoedente
1289 1603 1464 1670 pronomine
1477 1602 1547 1658 cha-

398 1711 544 1764 racterem
556 1708 703 1780 emphasis
714 1708 760 1764 vel
775 1705 969 1778 ampliationis
988 1703 1137 1776 perhibet;
1151 1706 1214 1764 haec
1230 1714 1326 1764 autem
1342 1679 1547 1779 pronominum

399 1813 557 1883 geminatio
572 1812 631 1868 lale
644 1812 760 1870 obtinet
773 1813 804 1870 in
819 1811 955 1870 omnibus
969 1813 1083 1870 celticis
1100 1812 1217 1884 linguis.

439 1919 470 1974 5.
491 1916 529 1972 in
546 1911 705 1974 socordcl
722 1912 758 1993 .l.
782 1911 1118 1975 dondireeclvaator
1137 1933 1209 1976 som
1228 1915 1374 1977 toooird
1394 1913 1432 1976 dt
1450 1915 1549 1976 trial

399 2020 474 2080 leui
488 2016 642 2100 (sacerdos
656 2019 711 2098 [vel
726 2020 926 2099 sacerdotum]
943 2021 963 2082 i.
980 2037 1007 2084 e.
1024 2038 1095 2084 enm
1107 2021 1313 2102 praedixerunt
1327 2022 1498 2086 sacerdotes
1512 2021 1550 2082 de

399 2124 483 2186 trihu
498 2121 596 2203 Levi).
610 2157 651 2170 -
665 2128 703 2184 in
724 2125 884 2188 socordd
901 2135 1026 2191 sortasse
1048 2134 1203 2204 legendum
1221 2142 1267 2191 est
1284 2131 1372 2188 iaco
1391 2123 1550 2187 saeordd

401 2237 492 2309 genlt.
521 2236 611 2307 plur„
636 2237 714 2308 qnod
744 2240 837 2308 magis
864 2241 1025 2298 concordat
1051 2255 1118 2297 cum
1150 2255 1238 2296 sensu
1267 2247 1365 2298 textus
1392 2255 1478 2310 quam
1512 2234 1549 2290 in

400 2332 557 2398 socordd
585 2355 664 2399 nom.
702 2342 779 2412 sing.
815 2345 915 2410 Quoad
950 2346 1107 2402 articulum
1140 2340 1192 2414 in,
1228 2345 1295 2402 vide
1331 2346 1395 2416 ejus
1422 2343 1550 2402 decline·

402 2453 513 2508 tionem
550 2450 628 2521 apud
651 2453 681 2508 Z.
718 2453 771 2506 339
807 2456 837 2508 et
873 2451 990 2519 stokes,
1028 2454 1066 2508 lr.
1104 2452 1143 2520 gl.
1181 2466 1210 2522 p.
1248 2454 1295 2513 l5.
1325 2443 1482 2506 eccardo
1505 2452 1551 2509 vel

401 2553 526 2611 sooart
546 2572 602 2622 vox
622 2563 668 2614 est
686 2558 840 2628 desumpta
861 2572 878 2612 a
898 2556 950 2614 lat.
974 2546 1165 2630 sacerdo(l)s.
1187 2556 1300 2627 Duplex
1318 2558 1443 2614 dentalis
1457 2559 1553 2614 madia

403 2657 452 2720 dd
487 2665 533 2722 vel
570 2665 692 2736 simplex
718 2666 816 2722 tenuis
844 2664 857 2718 i
889 2667 938 2722 hio
971 2669 1164 2736 repraesentat
1193 2664 1338 2720 dentelem
1367 2666 1490 2722 mediam
1523 2671 1553 2721 ct

403 2778 522 2830 tenuem
560 2772 743 2842 originarias,
780 2762 802 2824 d
830 2763 869 2844 -l-
897 2769 919 2824 t.
958 2774 1027 2830 ilaec
1063 2786 1118 2829 vox
1148 2771 1261 2842 praebet
1286 2773 1451 2842 exemplum
1483 2773 1554 2826 assi·

404 2876 565 2932 milationis
595 2877 740 2934 vocalium
776 2876 813 2933 ob
844 2878 1049 2934 assonantiam.
1082 2878 1182 2936 Obviae
1216 2879 1247 2934 in
1280 2879 1402 2934 vetustis
1432 2877 1555 2934 codici·

406 2984 462 3042 bus
497 2985 631 3042 iormae:
670 2987 746 3056 sing.
784 2999 862 3044 nom.
900 2987 960 3043 dat.
998 3000 1061 3044 aaa.
1098 2977 1273 3054 socordd,
1313 2985 1449 3054 sorori,
1488 3001 1555 3056 gen.

406 3085 568 3163 soooird,
607 3093 646 3165 pl.
685 3107 764 3152 nom.
800 3086 960 3162 socoird,
1002 3109 1067 3164 gen.
1104 3084 1264 3146 socordcl
1293 3082 1459 3165 (soceri),
1492 3108 1554 3150 aec.

407 3198 568 3269 sacaria,
608 3203 636 3257 Ζ.
675 3202 723 3266 8⁰,
761 3202 830 3264 253,
867 3205 925 3256 etc.
964 3203 1024 3256 Wr.
1062 3201 1130 3256 33⁶.
1157 3225 1198 3240 -
1224 3189 1558 3253 dondirceolrcoior

409 3313 487 3380 (eum
502 3307 719 3380 predixerunt)
731 3307 956 3379 disjungendum
969 3309 1055 3364 estin
1076 3296 1489 3358 d·oo-oa'r·ccclvcotor.
1512 3315 1559 3357 oo

409 3419 455 3470 est
469 3427 630 3485 pronomen
645 3412 766 3470 infixum
784 3415 801 3468 3
823 3427 902 3483 pers.
918 3415 1004 3481 sing.;
1030 3403 1052 3464 d
1078 3401 1136 3484 (=
1154 3401 1218 3484 clo)
1240 3419 1271 3469 et
1285 3405 1345 3462 alr
1361 3416 1430 3467 sunt
1443 3424 1560 3481 praepo-

409 3521 531 3578 sitiones
552 3532 632 3589 qum,
654 3520 767 3591 junctae
786 3520 878 3576 radici
896 3519 1006 3576 verbali
1027 3529 1110 3589 cort,
1132 3521 1264 3578 efficiunt
1281 3519 1401 3576 verbum
1423 3511 1558 3572 docar-

410 3619 552 3679 clanim
571 3626 672 3696 (sagio,
689 3626 841 3696 praedico).
856 3627 924 3681 ilaec
939 3632 985 3682 est
998 3627 1089 3695 igitur
1101 3624 1196 3680 forma
1209 3625 1226 3680 3
1242 3638 1320 3695 pers.
1336 3625 1377 3694 pl.
1392 3630 1477 3693 praet.
1491 3639 1557 3681 cum

410 3731 653 3803 reduplicatioue.
669 3732 800 3788 consona
822 3732 853 3786 in
874 3732 978 3789 sillaba
1000 3731 1180 3802 reduplicata
1202 3730 1252 3786 hic
1271 3730 1381 3787 inlecta
1401 3745 1459 3788 nou
1480 3737 1561 3787 esta

410 3837 597 3909 praeoedente
611 3836 810 3912 prepositione
824 3833 862 3888 αἱ
867 3847 884 3890 r
901 3827 956 3909 (=
970 3827 1062 3910 '‘ora')
1077 3836 1115 3894 ob
1129 3837 1290 3902 actionem,
1307 3841 1432 3906 utputo,
1450 3849 1561 3906 prono·

410 3946 498 4002 minis
523 3945 618 4014 infixi,
632 3946 657 4000 sl
677 3949 775 4002 tamen
793 3946 996 4018 glossographi
1013 3960 1097 4004 error
1120 3960 1179 4003 non
1193 3952 1249 4002 est.
1263 3945 1376 4016 Duplex
1392 3948 1560 4016 praepositio

410 4045 549 4122 ‹lo-nir,
573 4060 667 4126 (saepe
687 4061 839 4114 contracta
857 4057 887 4112 in
905 4047 994 4131 loir)
1016 4063 1115 4114 manet
1128 4058 1238 4114 intacta
1253 4057 1281 4112 in
1296 4057 1353 4112 hoc
1367 4056 1458 4112 verbo
1471 4070 1559 4125 ouum

412 4161 521 4217 vocalis
530 4161 638 4218 radicis
651 4162 697 4220 vel
712 4163 955 4234 reduplicatiouis
970 4165 1068 4223 deficit
1083 4167 1139 4221 ine
1152 4167 1197 4222 vel
1207 4160 1220 4216 i
1231 4175 1241 4216 :
1251 4157 1452 4232 dooircltct,
1471 4160 1561 4218 loir-

410 4260 492 4320 chet
505 4257 695 4341 (pradictum
710 4261 783 4344 est),
800 4265 1054 4325 toirclocltotc
1072 4262 1244 4345 (predixit),
1262 4263 1563 4326 toa’rclteeltoator
