3580 5586
412 477 482 524 ml
871 455 1096 521 Pnnrlrlo.
1160 529 1178 560 J

411 601 541 656 tionsona
563 599 686 665 simplex
704 613 756 665 pro
778 598 944 664 geminata:
974 593 1185 672 potatoribuS,
1219 593 1425 670 dimituntur,
1459 594 1560 658 rehita

411 692 581 774 (Rebecca),
603 691 740 754 contesio
763 687 825 771 (sed
839 697 910 750 allas
930 689 1116 772 confessio),
1145 691 1285 770 efugere,
1313 691 1439 768 eclesia,
1462 693 1558 770 saiso,

411 791 587 868 matheum,
613 789 786 863 desoluam,
815 789 1025 851 ramisionem.
1055 796 1168 851 vocalis
1182 796 1306 862 simplex
1324 809 1376 863 prc
1392 796 1559 863 geminate:

412 888 571 968 euangeli,
596 891 756 968 sequntur.
781 893 893 946 vocalis
920 894 1066 960 geminate
1092 908 1145 961 pro
1172 895 1266 948 vocali
1294 895 1454 962 producte:
1485 890 1557 952 hile.

412 989 588 1056 Frequenter
604 992 674 1042 sunt
688 991 766 1052 (ortae
782 988 955 1054 plerumque
971 988 1006 1041 ab
1023 1001 1079 1040 usu
1097 987 1270 1041 assonautiae
1284 986 1465 1053 hibernica),
1481 989 1563 1042 alter·

412 1088 545 1142 natioues
559 1090 589 1141 et
599 1087 777 1142 mutationes
791 1086 955 1140 litterarum
970 1103 976 1139 :
992 1097 1011 1142 a
1030 1099 1082 1154 pro
1104 1095 1143 1141 e:
1166 1080 1340 1158 alexandri,
1362 1082 1558 1160 eamtomini,

413 1180 550 1255 mmuel,
571 1179 772 1256 maledictus,
795 1179 903 1241 faciam
927 1176 1074 1260 (taciem).
1097 1195 1116 1239 a
1136 1198 1189 1252 pro
1210 1179 1219 1238 i
1243 1195 1250 1238 :
1275 1181 1441 1242 sinastrem
1463 1179 1559 1261 (sinn-

413 1274 511 1358 tram).
535 1295 560 1339 aa
580 1297 632 1352 pro
654 1293 691 1338 e:
715 1277 858 1340 iordane.
882 1294 899 1338 e
919 1296 970 1349 pro
991 1292 1032 1338 a:
1057 1277 1225 1356 sepulture.
1250 1295 1340 1351 apro
1360 1295 1408 1339 ae:
1431 1295 1561 1357 queren-

412 1374 498 1451 dam,
529 1374 711 1453 querebant,
741 1379 894 1454 quarunt,
927 1392 1015 1454 sepe,
1048 1376 1216 1452 cirinaum,
1244 1375 1378 1450 ferissei,
1402 1375 1558 1452 damonia,

412 1472 542 1548 eleseus,
557 1472 725 1547 matheum,
742 1473 877 1534 baronte.
900 1489 917 1533 e
937 1492 990 1544 pro
1011 1474 1045 1533 i:
1069 1471 1224 1550 deadema,
1247 1475 1475 1552 possedeamus,
1499 1475 1561 1536 ele·

413 1585 496 1646 saus,
519 1570 629 1646 assate,
653 1569 784 1646 levetici,
807 1570 974 1645 desoluam,
999 1570 1182 1650 deligamus,
1205 1571 1324 1650 dilegit,
1346 1571 1468 1651 delegit,
1492 1587 1560 1632 eor·

414 1671 544 1746 regunt,
567 1666 711 1744 ascellas,
741 1668 915 1744 dereuetur,
945 1667 1060 1744 sedem,
1088 1668 1232 1746 turgeda,
1262 1668 1389 1732 ancelle.
1414 1669 1585 1747 eregitur„

412 1764 578 1842 aregimur,
601 1764 760 1839 humileat,
784 1764 904 1839 defecit,
928 1765 1184 1844 caligenantibus,
1207 1765 1438 1844 intellegemus,
1460 1769 1560 1827 tortu·

412 1876 473 1935 res,
497 1861 658 1939 trenitate,
681 1862 879 1940 pcnetamirli.
903 1877 992 1932 epra
1010 1863 1042 1942 ja
1061 1877 1068 1921 :
1085 1861 1263 1923 heremiam.
1287 1878 1304 1924 e
1324 1881 1377 1933 pro
1397 1877 1448 1925 ca:
1471 1879 1561 1941 pene·

414 1960 531 2036 temini,
554 1960 734 2038 penitentie.
758 1961 769 2020 i
790 1979 842 2032 pro
863 1976 900 2021 a:
924 1960 1035 2036 cicidit,
1059 1959 1201 2034 dimersa,
1225 1959 1267 2034 di,
1288 1961 1412 2036 diserto,
1429 1961 1558 2035 herimo,

413 2057 531 2135 riginae,
553 2057 672 2134 diserti,
695 2056 864 2134 discendit,
889 2057 1096 2134 discessione,
1120 2058 1293 2132 silvistrici,
1318 2060 1456 2134 missies,
1479 2059 1560 2137 egri-

412 2153 562 2230 diebatur,
585 2154 731 2216 iohannis
755 2151 944 2235 (lohannes),
978 2155 1119 2217 mulieris
1148 2154 1350 2236 (mulieres),
1381 2155 1558 2236 perigrina,

412 2250 546 2328 dulcido,
570 2251 711 2327 dcerunt,
735 2252 848 2330 spiuia,
871 2252 1036 2328 cirincum,
1059 2253 1251 2328 catacomini,
1276 2253 1387 2315 rebica.
1411 2254 1422 2314 i
1442 2272 1495 2325 pro
1516 2268 1558 2332 y:

413 2347 592 2410 simbolum.
616 2365 635 2410 o
655 2369 708 2421 pro
727 2365 746 2410 a
768 2364 776 2409 :
799 2350 988 2428 opologiam,
1015 2349 1162 2429 colaphis.
1187 2367 1277 2422 opro
1299 2367 1335 2412 ao
1359 2366 1366 2410 :
1394 2350 1519 2412 faronis.
1543 2366 1561 2412 o

414 2467 465 2520 pro
486 2464 528 2510 u:
552 2449 669 2525 mondi,
693 2449 893 2525 adnantiatio,
909 2449 1069 2525 obmotuit,
1086 2454 1222 2512 tortures
1239 2447 1398 2531 (turturis),
1413 2451 1559 2526 tonicam,

412 2548 603 2621 catecumini,
627 2563 770 2626 perpera,
793 2549 933 2609 motauit.
958 2565 977 2608 u
1000 2567 1051 2618 pro
1073 2563 1138 2608 au:
1163 2547 1292 2626 pludite,
1316 2549 1467 2626 pluderet,
1489 2549 1562 2627 piu·

413 2644 489 2706 dise.
514 2663 535 2706 u
556 2665 608 2717 pro
629 2660 670 2706 o:
694 2645 820 2720 butruS,
843 2661 982 2720 mursus,
1007 2645 1191 2722 simbulum3
1214 2645 1306 2718 bprc
1327 2661 1372 2706 v:
1395 2646 1519 2708 labaret.
1542 2645 1562 2706 b

413 2757 530 2820 prop:
553 2742 750 2818 babtismum,
774 2743 930 2804 babtizans
951 2747 1007 2804 etc.
1032 2759 1048 2803 c
1069 2761 1121 2814 pro
1142 2743 1201 2804 ch:
1225 2745 1422 2820 crismentur,
1444 2744 1562 2821 pulcri-

413 2840 498 2916 tudo,
521 2841 713 2902 catacomini.
737 2858 755 2902 o
775 2861 827 2913 pro
848 2857 915 2920 qu:
938 2841 1092 2920 quiscilia,
1117 2838 1361 2918 adpropinoa'euit.
1386 2841 1424 2902 ch
1445 2861 1496 2914 pro
1517 2841 1559 2902 h:

413 2936 587 3013 ebrecham,
611 2938 772 3014 retrachit,
795 2939 917 3013 trachit,
941 2938 1090 2999 trachere.
1112 2937 1197 3008 ipro
1218 2937 1282 3014 ph:
1305 2937 1437 3016 profeta,
1460 2937 1563 3018 proie-
1673 2957 1678 2963 ·

413 3039 487 3110 tam,
510 3039 580 3111 ete,
604 3035 733 3109 ferocia,
756 3035 887 3097 farisaei.
911 3053 931 3114 p
952 3053 1004 3107 prc
1019 3034 1058 3096 bb
1075 3043 1105 3092 at
1120 3034 1140 3095 b
1155 3049 1163 3095 :
1180 3036 1368 3114 oproprium,
1387 3035 1560 3113 sepathum,

413 3131 456 3210 ph
477 3149 569 3210 prop
596 3149 603 3192 :
631 3133 761 3211 elephis.
786 3149 801 3194 s
821 3152 874 3203 pro
894 3149 910 3192 z
938 3151 945 3193 :
970 3132 1098 3193 elesaus.
1123 3135 1207 3204 tpro
1229 3132 1249 3193 d
1275 3147 1283 3191 ε
1312 3134 1560 3211 contempnauit,

416 3231 557 3290 intuetur
580 3228 745 3310 (induitur).
771 3229 803 3291 th
824 3249 876 3303 pro
897 3230 940 3291 d:
959 3228 1082 3306 ephoth.
1105 3233 1152 3289 ter
1171 3249 1223 3302 pro
1239 3234 1289 3290 tr:
1308 3230 1480 3292 ministeris
1497 3228 1564 3311 (mi-

414 3325 549 3408 nistris).
572 3333 629 3386 Nec
644 3333 707 3386 sola
724 3332 943 3398 orthographia,
968 3331 1018 3384 aad
1033 3334 1063 3384 et
1083 3333 1270 3397 grammatica
1289 3333 1349 3386 nou
1371 3336 1470 3386 tamen
1492 3333 1563 3387 adeo

414 3430 590 3497 frequenter,
605 3429 721 3484 mandis
735 3429 926 3496 inquinatur:
949 3423 1118 3499 iaciuntur,
1141 3422 1379 3500 obsorbeuntur,
1403 3426 1564 3505 angariza-

415 3528 537 3600 uerunt,
561 3526 597 3584 ut
617 3538 689 3595 non,
714 3526 749 3584 ut
769 3539 808 3582 ne
828 3526 885 3582 etc.
913 3526 1053 3580 vocabula
1067 3531 1131 3580 tum
1145 3526 1243 3590 latine,
1254 3530 1317 3580 tum
1326 3527 1477 3582 hibernica
1487 3541 1563 3594 saepe

414 3624 637 3680 abbreviationis
651 3624 731 3691 siglis
745 3627 892 3678 notantur.
910 3623 1054 3678 vocabule
1067 3623 1157 3677 letina
1170 3625 1347 3691 abbreviata,
1366 3627 1474 3693 quippe
1498 3639 1565 3694 quae

414 3723 530 3778 nullum
556 3723 712 3777 exhibeant
738 3723 870 3785 dubium,
892 3722 923 3774 in
950 3721 1099 3788 integrum
1127 3721 1243 3776 restitui
1274 3727 1304 3776 et
1330 3723 1506 3790 transcripsi.
1532 3725 1565 3778 ln

415 3824 497 3874 textu
517 3820 626 3883 latino,
656 3832 722 3888 quae
741 3820 848 3886 sapius
870 3819 1073 3874 abbreviantur
1093 3818 1210 3885 syllabae
1232 3822 1262 3872 et
1280 3832 1376 3883 voces,
1400 3820 1445 3872 hae
1471 3824 1563 3874 sunt:

414 3907 471 3984 ad,
506 3923 592 3984 -em,
628 3923 713 3984 -em,
749 3925 836 3985 -um,
864 3925 929 3984 -m,
961 3925 1037 3984 -au,
1067 3924 1118 3983 ·n,
1148 3925 1199 3985 -u,
1228 3923 1277 3986 -e,
1312 3924 1374 3984 -er,
1403 3923 1464 3983 -ar,
1495 3923 1562 3982 -ur,

413 4005 693 4084 ente,apost01us,
716 4008 822 4085 atque,
844 4021 913 4081 au-,
936 4009 1050 4080 autem
1075 4004 1169 4082 bene,
1192 4002 1347 4080 Christus,
1371 4002 1485 4068 Christi
1505 4009 1561 4065 etc.

414 4118 478 4179 co-,
501 4119 588 4180 con-,
611 4119 707 4178 oom-,
731 4119 819 4175 cum,
842 4100 953 4178 David,
977 4102 1065 4178 deus,
1089 4101 1229 4176 deicio,
1253 4103 1308 4179 di·,
1330 4102 1415 4178 dicit,
1440 4101 1562 4177 dicitur,

414 4200 572 4276 dixerunt,
596 4200 688 4275 dixit,
712 4199 871 4276 damiana,
896 4201 1031 4277 domini,
1056 4202 1127 4276 ete,
1149 4201 1232 4280 ejus,
1255 4199 1349 4277 enim,
1371 4215 1449 4274 esse,
1471 4203 1563 4274 esset,

414 4301 476 4374 est,
500 4301 543 4371 et,
567 4297 754 4376 etreliqua,
779 4311 892 4374 grace,
920 4312 1018 4376 graeco
1045 4301 1116 4372 etc,
1140 4295 1220 4370 hec,
1253 4295 1345 4369 hanc,
1376 4296 1439 4370 hic,
1471 4295 1560 4370 hinc,
