3580 5586
373 490 455 534 xnnn
835 466 1061 532 PRAEFATIO.

374 610 556 678 peculiaritas
570 609 667 672 ruerit,
682 608 734 662 sed
750 610 850 674 postca
864 606 989 660 naturali
1002 618 1139 673 processu
1154 605 1442 662 inconsuetudinem
1459 622 1520 662 cre-

372 709 454 772 vcrit,
467 707 560 762 donec
573 719 677 761 verum
690 709 721 760 et
733 705 890 772 specialem
904 703 1014 758 celtice
1031 703 1215 770 phonologiae
1236 703 1433 758 characterem
1453 717 1521 758 con·

373 806 508 862 stituarit.
527 806 586 860 Non
608 805 693 858 aliter
708 804 860 860 novissimi
880 803 1008 857 historiae
1031 803 1172 856 naturalis
1198 803 1352 869 scriptores
1380 803 1521 870 originem

373 900 544 978 specierum
559 906 702 972 explicare
716 908 867 960 conantur.
880 903 966 956 Juxta
979 902 1085 956 horum
1107 903 1389 968 argumentationem
1408 898 1523 977 species

373 1007 436 1056 orla
450 1007 495 1057 est
518 1017 553 1056 ex
576 1005 636 1057 una
659 1003 706 1058 vel
729 1003 862 1070 pluribus
881 1000 1129 1067 singularitatihus
1154 1002 1341 1056 abnormihus
1355 995 1520 1072 individui,

373 1112 439 1166 quae
453 1113 505 1166 per
518 1099 716 1154 hereditatem
733 1099 919 1162 transmissae,
932 1097 963 1150 in
979 1099 1050 1152 linas
1065 1102 1095 1152 et
1110 1097 1257 1179 regulares
1269 1099 1472 1164 proprietates,
1488 1099 1522 1151 ah

374 1196 528 1263 originario
545 1198 605 1264 tipo
621 1199 713 1264 magis
727 1197 876 1264 magisque
891 1197 1028 1260 diversas,
1043 1195 1195 1262 paullatim
1211 1195 1411 1260 transiverint,
1432 1196 1523 1250 donec

375 1291 491 1346 tandem
506 1293 567 1346 lere
582 1293 769 1348 indelebilem
793 1287 905 1366 speciei
920 1293 1116 1346 characterem
1135 1293 1166 1346 in
1186 1295 1331 1360 posteram
1355 1293 1523 1360 progeniem

374 1391 584 1458 impresserint.
592 1393 679 1448 Porro
688 1393 764 1447 hanc
772 1393 865 1459 ipsam
879 1404 1006 1455 causam,
1017 1391 1082 1460 lpuae
1093 1391 1123 1445 iu
1137 1392 1247 1446 celticis
1254 1392 1362 1459 linguis
1372 1392 1474 1458 genuit
1483 1405 1525 1446 as·

374 1489 536 1542 sonantium
547 1490 716 1544 interiorem
727 1503 780 1544 seu
790 1489 1008 1556 congruentiam
1020 1501 1160 1542 sonorum
1170 1489 1201 1542 in
1212 1489 1524 1550 eodemvooalvulo,ex·

374 1585 1522 1654 aerioremassonantiampoericamfinalemsenrimamgenuisseverosimileest.

373 1684 477 1740 Eadem
492 1691 536 1742 est
549 1687 701 1754 utriusque
715 1688 887 1742 assonantia
904 1687 1027 1753 genesis,
1044 1685 1146 1740 eadem
1162 1687 1248 1752 ratio,
1265 1686 1343 1740 idem
1360 1699 1522 1754 processus.

375 1783 467 1856 Quaeri
484 1787 580 1850 potest
593 1783 739 1852 quomodo
751 1797 819 1838 nam
839 1783 949 1838 celticae
965 1784 1064 1851 stirpis
1080 1784 1190 1850 populi,
1206 1784 1387 1851 superiorem
1398 1783 1521 1844 ltaliam,

373 1881 525 1936 universas
539 1881 643 1936 Gallias
653 1886 683 1935 el
698 1881 837 1936 lhericam
854 1881 1040 1948 peninsulam
1063 1881 1238 1946 incolentes,
1256 1881 1307 1949 qui
1323 1880 1448 1934 latinum
1463 1893 1523 1935 ser·

374 1989 492 2032 monem
507 1983 690 2046 receperunt,
707 1979 816 2045 pariter
835 1979 955 2034 latinam
970 1979 1067 2046 poesis
1088 1981 1224 2042 formam,
1246 1980 1293 2032 vel
1308 1979 1460 2032 metricam
1477 1977 1524 2032 vel

375 2074 479 2128 sallem
493 2076 673 2142 popularem,
689 2090 754 2144 quae
769 2081 892 2144 utraque
908 2077 990 2130 rime
1016 2090 1118 2144 expers
1141 2081 1211 2138 erat,
1233 2090 1293 2130 non
1307 2077 1479 2144 recoperint.
1495 2081 1525 2130 et

374 2173 506 2227 celticam
521 2175 715 2229 assonantiam
731 2175 917 2230 servaverint.
933 2175 1005 2229 liuic
1020 2175 1175 2243 questioni
1189 2175 1273 2230 facile
1287 2174 1523 2242 respondendum

375 2271 499 2324 videtur.
513 2270 625 2326 Celticae
634 2277 744 2338 gentes,
757 2272 877 2326 latinam
890 2272 1019 2339 linguam
1030 2274 1133 2340 magna
1145 2287 1180 2326 cx
1190 2275 1270 2339 parte
1285 2272 1387 2339 utique
1398 2271 1524 2326 mutuati

375 2373 444 2422 sunt
459 2373 489 2423 st
502 2369 618 2436 proprio
636 2370 753 2436 ingenio
767 2369 892 2436 usuique
914 2371 1215 2424 accommodaverunt.
1238 2369 1276 2423 Eo
1291 2373 1389 2422 aulem
1409 2368 1524 2422 facilius

376 2466 431 2520 hoc
445 2467 552 2521 lactum
568 2471 621 2530 cst,
637 2481 696 2536 quo
711 2467 817 2522 arctior
831 2469 894 2520 erat
905 2480 999 2520 nexus
1013 2467 1089 2522 inter
1102 2467 1220 2521 celticas
1234 2470 1264 2522 ct
1277 2466 1388 2520 italicas
1402 2466 1523 2532 linguas,

375 2579 433 2632 quo
446 2564 533 2620 citius
546 2565 630 2619 deltae
654 2565 683 2618 in
716 2565 855 2620 ditionem
877 2565 979 2633 populi
999 2563 1113 2618 romani
1128 2564 1241 2618 reducti
1260 2567 1337 2626 sunt,
1354 2577 1412 2631 quo
1433 2563 1524 2629 magis

374 2662 463 2716 Roma
476 2662 579 2716 victrix
592 2662 736 2728 subjectas
750 2662 872 2729 imperio
888 2666 989 2728 gentes
1007 2662 1110 2726 ermis,
1135 2661 1252 2724 littaris,
1268 2661 1387 2725 artibus,
1402 2661 1522 2727 legibus.

374 2763 516 2818 institutis
539 2763 702 2830 superabat.
724 2763 832 2817 Revera
853 2763 1069 2817 romanicorum
1095 2761 1272 2830 populorum
1294 2762 1463 2830 glossarium
1495 2764 1525 2815 et

374 2859 562 2925 grammatica
581 2858 701 2912 latinam
728 2857 870 2926 originem
894 2859 1062 2926 perhibent,
1079 2872 1257 2926 quamquam
1272 2859 1303 2911 in
1318 2861 1441 2925 utroque
1455 2858 1525 2912 satis

374 2957 540 3024 frequentia
548 2957 651 3010 celtica
661 2957 783 3024 vestigia
792 2963 921 3010 manant.
937 2957 990 3010 sed
1001 2957 1071 3010 dum
1083 2957 1168 3011 deltae
1184 2957 1346 3011 allemanie
1354 2957 1524 3024 glossarium

374 3057 403 3106 et
428 3054 646 3120 grammaticam
676 3054 894 3118 mutuabantur,
924 3055 1069 3121 propriam
1090 3053 1296 3121 phonologiam
1326 3058 1523 3108 servaverunt.

372 3152 502 3206 Latinam
517 3152 647 3218 linguam
659 3151 951 3206 accommodaverunt
959 3151 1072 3218 legibus
1080 3151 1189 3206 celticae
1200 3151 1390 3218 phonologiae,
1402 3152 1525 3219 propriis

373 3252 408 3301 ut
422 3249 462 3302 ita
478 3248 581 3313 dicam,
597 3249 711 3316 organis
731 3249 915 3316 propriaeque
936 3247 1177 3317 pronuntiationi.
1193 3249 1253 3303 111ae
1271 3248 1368 3316 itaque
1385 3249 1462 3301 inter
1477 3261 1524 3303 ro·

371 3346 500 3400 manicas
513 3346 627 3412 linguas
642 3349 671 3400 ct
692 3346 834 3400 dialectos
850 3359 915 3413 quae
930 3347 1005 3412 apud
1021 3346 1146 3413 populos
1166 3346 1275 3401 celtice
1292 3345 1411 3412 originis
1424 3345 1454 3398 in
1469 3357 1523 3398 usu

372 3448 450 3504 suut.
467 3443 579 3498 celticas
591 3444 774 3511 phonologiac
789 3445 868 3511 leges
884 3443 979 3498 adhuc
994 3447 1167 3511 sequuntur.
1182 3445 1213 3498 ln
1223 3443 1267 3497 eis
1281 3442 1393 3497 obtinet
1405 3443 1524 3497 infectio

373 3546 403 3596 et
416 3542 587 3597 retrocessio
604 3541 766 3604 vocalium,
785 3542 904 3595 iniectio
919 3542 1063 3605 tenuium,
1081 3541 1231 3596 destitutio
1255 3541 1419 3595 mediarum
1436 3543 1467 3594 ct
1479 3541 1523 3594 in-

374 3641 491 3694 terdum
506 3640 671 3694 assonantia
684 3641 807 3694 interna.
823 3639 928 3693 llirum
950 3652 1010 3693 non
1029 3645 1074 3693 est
1092 3639 1117 3694 si
1133 3639 1220 3693 etiam
1243 3639 1274 3692 in
1297 3639 1340 3693 eis
1362 3639 1525 3692 assonantia

373 3740 486 3806 poetica
501 3738 597 3792 dualis
613 3751 665 3792 seu
679 3738 765 3798 rima,
780 3750 845 3804 qus
862 3737 979 3806 proprie
993 3738 1028 3791 ad
1042 3737 1247 3804 phonologiam
1262 3737 1396 3804 pertinet,
1414 3739 1525 3790 servata

374 3837 471 3906 luerit.
484 3835 719 3890 concludendum
730 3838 775 3890 ert
787 3835 884 3902 igitur,
894 3847 1012 3890 versum
1023 3834 1216 3898 romanicum,
1231 3837 1352 3888 accentu
1364 3833 1483 3900 ligatum
1495 3835 1525 3886 et

373 3933 436 4000 pari
445 3932 622 4000 syllabarum
630 3932 968 3998 numerooriripotuisse
976 3945 1012 3985 ex
1021 3931 1146 3998 duplicis
1154 3944 1248 3986 canem
1259 3943 1523 3998 concursu,nempe

374 4044 391 4082 a
405 4029 531 4084 naturali
556 4028 747 4095 explicatione
772 4029 871 4082 latinae
892 4030 999 4096 linguae
1023 4033 1053 4083 et
1068 4029 1103 4084 ab
1118 4029 1264 4096 exemplo,
1279 4029 1388 4096 pariter
1403 4029 1524 4089 clflcaci,

374 4122 508 4176 alflnium
518 4122 688 4176 celticorum
698 4122 888 4189 populorum;
905 4122 956 4176 sed
970 4122 1092 4192 mutam,
1104 4135 1156 4175 seu
1166 4122 1358 4176 assonantiam
1370 4121 1496 4180 finalem
1507 4134 1523 4172 a

376 4216 447 4270 solis
461 4217 571 4271 celticae
587 4217 770 4284 phonologiae
787 4217 898 4283 legibus
912 4218 1070 4272 derivatam
1086 4231 1160 4271 esse.
