<?xml version="1.0" encoding="UTF-8"?>
<!DOCTYPE html PUBLIC "-//W3C//DTD XHTML 1.0 Transitional//EN"
    "http://www.w3.org/TR/xhtml1/DTD/xhtml1-transitional.dtd">
<html xmlns="http://www.w3.org/1999/xhtml" xml:lang="en" lang="en">
 <head>
  <title>
</title>
<meta http-equiv="Content-Type" content="text/html;charset=utf-8" />
  <meta name='ocr-system' content='tesseract 3.04.00' />
  <meta name='ocr-capabilities' content='ocr_page ocr_carea ocr_par ocr_line ocrx_word'/>
</head>
<body>
  <div class='ocr_page' id='page_1' title='image "./glossaehibernic00nigrgoog_0013.png"; bbox 0 0 3580 5586; ppageno 0'>
   <div class='ocr_carea' id='block_1_1' title="bbox 690 452 1377 516">
    <p class='ocr_par' dir='ltr' id='par_1_1' title="bbox 690 452 1377 516">
     <span class='ocr_line' id='line_1_1' title="bbox 690 452 1377 516; baseline 0 0"><span class='ocrx_word' id='word_1_1' title='bbox 690 452 914 516; x_wconf 75' lang='lat' dir='ltr'><strong>anlnvlc.</strong></span> <span class='ocrx_word' id='word_1_2' title='bbox 1335 473 1377 516; x_wconf 89' lang='lat' dir='ltr'><strong>vu</strong></span> 
     </span>
    </p>
   </div>
   <div class='ocr_carea' id='block_1_2' title="bbox 219 583 1449 1238">
    <p class='ocr_par' dir='ltr' id='par_1_2' title="bbox 219 583 1449 1238">
     <span class='ocr_line' id='line_1_2' title="bbox 233 583 1376 650; baseline 0.001 -14"><span class='ocrx_word' id='word_1_3' title='bbox 233 585 309 650; x_wconf 88' lang='lat' dir='ltr'><strong>quod</strong></span> <span class='ocrx_word' id='word_1_4' title='bbox 336 584 447 638; x_wconf 89' lang='lat' dir='ltr'><strong>obtinet</strong></span> <span class='ocrx_word' id='word_1_5' title='bbox 473 584 503 636; x_wconf 92' lang='lat' dir='ltr'><strong>in</strong></span> <span class='ocrx_word' id='word_1_6' title='bbox 531 585 660 650; x_wconf 86' lang='lat' dir='ltr'><strong>cognatis</strong></span> <span class='ocrx_word' id='word_1_7' title='bbox 688 583 796 650; x_wconf 89' lang='lat' dir='ltr'><strong>linguis</strong></span> <span class='ocrx_word' id='word_1_8' title='bbox 830 583 1075 649; x_wconf 78' lang='lat' dir='ltr'><strong>indo-europaeis</strong></span> <span class='ocrx_word' id='word_1_9' title='bbox 1094 591 1119 632; x_wconf 83' lang='lat'><strong>¹:</strong></span> <span class='ocrx_word' id='word_1_10' title='bbox 1145 583 1198 636; x_wconf 86' lang='lat' dir='ltr'><strong>Sed</strong></span> <span class='ocrx_word' id='word_1_11' title='bbox 1225 583 1320 649; x_wconf 86' lang='lat' dir='ltr'><strong>major</strong></span> <span class='ocrx_word' id='word_1_12' title='bbox 1345 583 1376 637; x_wconf 92' lang='lat' dir='ltr'><strong>in</strong></span> 
     </span>
     <span class='ocr_line' id='line_1_3' title="bbox 232 675 1376 747; baseline 0.002 -13"><span class='ocrx_word' id='word_1_13' title='bbox 232 681 291 734; x_wconf 93' lang='lat' dir='ltr'><strong>illis</strong></span> <span class='ocrx_word' id='word_1_14' title='bbox 305 685 349 735; x_wconf 91' lang='lat' dir='ltr'><strong>est</strong></span> <span class='ocrx_word' id='word_1_15' title='bbox 367 681 492 736; x_wconf 83' lang='lat' dir='ltr'><strong>ambitus</strong></span> <span class='ocrx_word' id='word_1_16' title='bbox 507 681 676 735; x_wconf 79' lang='lat' dir='ltr'><strong>mutationis</strong></span> <span class='ocrx_word' id='word_1_17' title='bbox 708 680 771 734; x_wconf 90' lang='lat' dir='ltr'><strong>soni</strong></span> <span class='ocrx_word' id='word_1_18' title='bbox 798 681 944 746; x_wconf 79' lang='lat' dir='ltr'><strong>originarii</strong></span> <span class='ocrx_word' id='word_1_19' title='bbox 960 694 1047 747; x_wconf 88' lang='lat' dir='ltr'><strong>quam</strong></span> <span class='ocrx_word' id='word_1_20' title='bbox 1070 681 1156 734; x_wconf 88' lang='lat' dir='ltr'><strong>Zeuss</strong></span> <span class='ocrx_word' id='word_1_21' title='bbox 1179 675 1376 737; x_wconf 82' lang='lat' dir='ltr'><strong>infectionem</strong></span> 
     </span>
     <span class='ocr_line' id='line_1_4' title="bbox 232 779 1376 847; baseline 0.001 -13"><span class='ocrx_word' id='word_1_22' title='bbox 232 784 322 834; x_wconf 91' lang='lat' dir='ltr'><strong>vocat.</strong></span> <span class='ocrx_word' id='word_1_23' title='bbox 351 780 457 832; x_wconf 88' lang='lat' dir='ltr'><strong>Harum</strong></span> <span class='ocrx_word' id='word_1_24' title='bbox 484 779 679 832; x_wconf 82' lang='lat' dir='ltr'><strong>mutationum</strong></span> <span class='ocrx_word' id='word_1_25' title='bbox 707 780 769 832; x_wconf 84' lang='lat' dir='ltr'><strong>aliae</strong></span> <span class='ocrx_word' id='word_1_26' title='bbox 794 783 958 846; x_wconf 85' lang='lat' dir='ltr'><strong>sequuntur</strong></span> <span class='ocrx_word' id='word_1_27' title='bbox 990 781 1067 846; x_wconf 90' lang='lat' dir='ltr'><strong>leges</strong></span> <span class='ocrx_word' id='word_1_28' title='bbox 1101 793 1166 847; x_wconf 76' lang='lat' dir='ltr'><strong>qua</strong></span> <span class='ocrx_word' id='word_1_29' title='bbox 1204 794 1376 836; x_wconf 91' lang='lat' dir='ltr'><strong>communes</strong></span> 
     </span>
     <span class='ocr_line' id='line_1_5' title="bbox 232 878 1375 945; baseline -0.002 -13"><span class='ocrx_word' id='word_1_30' title='bbox 232 882 301 932; x_wconf 92' lang='lat' dir='ltr'><strong>sunt</strong></span> <span class='ocrx_word' id='word_1_31' title='bbox 333 878 465 945; x_wconf 92' lang='lat' dir='ltr'><strong>pluribus</strong></span> <span class='ocrx_word' id='word_1_32' title='bbox 501 878 608 945; x_wconf 90' lang='lat' dir='ltr'><strong>linguis</strong></span> <span class='ocrx_word' id='word_1_33' title='bbox 642 879 769 945; x_wconf 89' lang='lat' dir='ltr'><strong>cognatis</strong></span> <span class='ocrx_word' id='word_1_34' title='bbox 802 882 832 933; x_wconf 92' lang='lat' dir='ltr'><strong>et</strong></span> <span class='ocrx_word' id='word_1_35' title='bbox 867 879 1011 944; x_wconf 87' lang='lat' dir='ltr'><strong>praecipue</strong></span> <span class='ocrx_word' id='word_1_36' title='bbox 1048 879 1273 945; x_wconf 62' lang='lat' dir='ltr'><strong>graeco-italicis</strong></span> <span class='ocrx_word' id='word_1_37' title='bbox 1312 878 1375 931; x_wconf 84' lang='lat' dir='ltr'><strong>aliae</strong></span> 
     </span>
     <span class='ocr_line' id='line_1_6' title="bbox 233 957 1449 1041; baseline -0.002 -13"><span class='ocrx_word' id='word_1_38' title='bbox 233 977 301 1028; x_wconf 89' lang='lat' dir='ltr'><strong>sunt</strong></span> <span class='ocrx_word' id='word_1_39' title='bbox 327 974 419 1040; x_wconf 88' lang='lat' dir='ltr'><strong>magis</strong></span> <span class='ocrx_word' id='word_1_40' title='bbox 445 974 569 1041; x_wconf 78' lang='lat' dir='ltr'><strong>propriae</strong></span> <span class='ocrx_word' id='word_1_41' title='bbox 596 974 707 1028; x_wconf 87' lang='lat' dir='ltr'><strong>celticis</strong></span> <span class='ocrx_word' id='word_1_42' title='bbox 738 974 844 1040; x_wconf 91' lang='lat' dir='ltr'><strong>linguis</strong></span> <span class='ocrx_word' id='word_1_43' title='bbox 877 977 907 1026; x_wconf 90' lang='lat' dir='ltr'><strong>et</strong></span> <span class='ocrx_word' id='word_1_44' title='bbox 940 974 969 1026; x_wconf 92' lang='lat' dir='ltr'><strong>in</strong></span> <span class='ocrx_word' id='word_1_45' title='bbox 1006 975 1108 1041; x_wconf 87' lang='lat' dir='ltr'><strong>primis</strong></span> <span class='ocrx_word' id='word_1_46' title='bbox 1142 975 1247 1041; x_wconf 81' lang='lat' dir='ltr'><strong>lingum</strong></span> <span class='ocrx_word' id='word_1_47' title='bbox 1285 974 1378 1028; x_wconf 89' lang='lat' dir='ltr'><strong>hiber·</strong></span> <span class='ocrx_word' id='word_1_48' title='bbox 1447 957 1449 961; x_wconf 51' lang='grc'><strong>’</strong></span> 
     </span>
     <span class='ocr_line' id='line_1_7' title="bbox 219 1069 1377 1140; baseline -0.003 -14"><span class='ocrx_word' id='word_1_49' title='bbox 219 1073 314 1127; x_wconf 79' lang='lat' dir='ltr'><strong>-ntcae,</strong></span> <span class='ocrx_word' id='word_1_50' title='bbox 342 1074 381 1127; x_wconf 86' lang='lat' dir='ltr'><strong>De</strong></span> <span class='ocrx_word' id='word_1_51' title='bbox 409 1073 553 1140; x_wconf 89' lang='lat' dir='ltr'><strong>prioribus</strong></span> <span class='ocrx_word' id='word_1_52' title='bbox 581 1073 655 1126; x_wconf 89' lang='lat' dir='ltr'><strong>nibil</strong></span> <span class='ocrx_word' id='word_1_53' title='bbox 683 1076 728 1126; x_wconf 92' lang='lat' dir='ltr'><strong>est</strong></span> <span class='ocrx_word' id='word_1_54' title='bbox 753 1073 829 1139; x_wconf 84' lang='lat' dir='ltr'><strong>quod</strong></span> <span class='ocrx_word' id='word_1_55' title='bbox 855 1071 903 1124; x_wconf 87' lang='lat' dir='ltr'><strong>bio</strong></span> <span class='ocrx_word' id='word_1_56' title='bbox 924 1069 1069 1132; x_wconf 73' lang='lat' dir='ltr'><strong>dicamus,</strong></span> <span class='ocrx_word' id='word_1_57' title='bbox 1098 1071 1154 1124; x_wconf 92' lang='lat' dir='ltr'><strong>nisi</strong></span> <span class='ocrx_word' id='word_1_58' title='bbox 1179 1074 1250 1126; x_wconf 88' lang='lat' dir='ltr'><strong>torte</strong></span> <span class='ocrx_word' id='word_1_59' title='bbox 1278 1074 1377 1124; x_wconf 90' lang='lat' dir='ltr'><strong>notan·</strong></span> 
     </span>
     <span class='ocr_line' id='line_1_8' title="bbox 233 1169 1375 1238; baseline -0.001 -14"><span class='ocrx_word' id='word_1_60' title='bbox 233 1171 315 1234; x_wconf 89' lang='lat' dir='ltr'><strong>dum,</strong></span> <span class='ocrx_word' id='word_1_61' title='bbox 345 1172 528 1237; x_wconf 80' lang='lat' dir='ltr'><strong>frequentius</strong></span> <span class='ocrx_word' id='word_1_62' title='bbox 555 1185 643 1238; x_wconf 87' lang='lat' dir='ltr'><strong>quam</strong></span> <span class='ocrx_word' id='word_1_63' title='bbox 671 1170 701 1222; x_wconf 92' lang='lat' dir='ltr'><strong>in</strong></span> <span class='ocrx_word' id='word_1_64' title='bbox 726 1169 853 1223; x_wconf 83' lang='lat' dir='ltr'><strong>classicis</strong></span> <span class='ocrx_word' id='word_1_65' title='bbox 881 1169 988 1234; x_wconf 87' lang='lat' dir='ltr'><strong>linguis</strong></span> <span class='ocrx_word' id='word_1_66' title='bbox 1011 1171 1203 1224; x_wconf 86' lang='lat' dir='ltr'><strong>mutationem</strong></span> <span class='ocrx_word' id='word_1_67' title='bbox 1231 1171 1375 1225; x_wconf 87' lang='lat' dir='ltr'><strong>vocalium</strong></span> 
     </span>
    </p>
   </div>
   <div class='ocr_carea' id='block_1_3' title="bbox 165 1269 1381 3678">
    <p class='ocr_par' dir='ltr' id='par_1_3' title="bbox 165 1269 1376 1653">
     <span class='ocr_line' id='line_1_9' title="bbox 233 1269 1374 1337; baseline -0.003 -13"><span class='ocrx_word' id='word_1_68' title='bbox 233 1271 448 1325; x_wconf 86' lang='lat' dir='ltr'><strong>hibernicarum</strong></span> <span class='ocrx_word' id='word_1_69' title='bbox 481 1271 551 1325; x_wconf 89' lang='lat' dir='ltr'><strong>oriri</strong></span> <span class='ocrx_word' id='word_1_70' title='bbox 579 1285 614 1324; x_wconf 83' lang='lat' dir='ltr'><strong>ex</strong></span> <span class='ocrx_word' id='word_1_71' title='bbox 650 1271 763 1325; x_wconf 87' lang='lat' dir='ltr'><strong>actione</strong></span> <span class='ocrx_word' id='word_1_72' title='bbox 802 1269 953 1336; x_wconf 89' lang='lat' dir='ltr'><strong>sequentis</strong></span> <span class='ocrx_word' id='word_1_73' title='bbox 986 1270 1104 1336; x_wconf 78' lang='lat' dir='ltr'><strong>liquidae</strong></span> <span class='ocrx_word' id='word_1_74' title='bbox 1145 1271 1192 1324; x_wconf 91' lang='lat' dir='ltr'><strong>vel</strong></span> <span class='ocrx_word' id='word_1_75' title='bbox 1231 1271 1374 1337; x_wconf 89' lang='lat' dir='ltr'><strong>spirantis.</strong></span> 
     </span>
     <span class='ocr_line' id='line_1_10' title="bbox 165 1363 1375 1437; baseline 0 -13"><span class='ocrx_word' id='word_1_76' title='bbox 165 1363 167 1366; x_wconf 72' lang='grc'><strong>’</strong></span> <span class='ocrx_word' id='word_1_77' title='bbox 233 1370 403 1426; x_wconf 89' lang='lat' dir='ltr'><strong>ldutationes</strong></span> <span class='ocrx_word' id='word_1_78' title='bbox 438 1384 507 1425; x_wconf 92' lang='lat' dir='ltr'><strong>vero</strong></span> <span class='ocrx_word' id='word_1_79' title='bbox 545 1371 710 1432; x_wconf 78' lang='lat' dir='ltr'><strong>vocalium,</strong></span> <span class='ocrx_word' id='word_1_80' title='bbox 745 1384 809 1437; x_wconf 84' lang='lat' dir='ltr'><strong>quae</strong></span> <span class='ocrx_word' id='word_1_81' title='bbox 844 1369 935 1435; x_wconf 88' lang='lat' dir='ltr'><strong>magis</strong></span> <span class='ocrx_word' id='word_1_82' title='bbox 963 1370 1086 1436; x_wconf 86' lang='lat' dir='ltr'><strong>propriae</strong></span> <span class='ocrx_word' id='word_1_83' title='bbox 1114 1375 1182 1425; x_wconf 91' lang='lat' dir='ltr'><strong>sunt</strong></span> <span class='ocrx_word' id='word_1_84' title='bbox 1219 1371 1375 1426; x_wconf 76' lang='lat' dir='ltr'><strong>hibernicae</strong></span> 
     </span>
     <span class='ocr_line' id='line_1_11' title="bbox 232 1463 1376 1535; baseline 0.003 -15"><span class='ocrx_word' id='word_1_85' title='bbox 232 1467 348 1535; x_wconf 83' lang='lat' dir='ltr'><strong>linguae,</strong></span> <span class='ocrx_word' id='word_1_86' title='bbox 363 1469 500 1534; x_wconf 91' lang='lat' dir='ltr'><strong>aduplici</strong></span> <span class='ocrx_word' id='word_1_87' title='bbox 523 1469 610 1522; x_wconf 82' lang='lat' dir='ltr'><strong>causa</strong></span> <span class='ocrx_word' id='word_1_88' title='bbox 630 1467 790 1533; x_wconf 75' lang='lat' dir='ltr'><strong>prasertim</strong></span> <span class='ocrx_word' id='word_1_89' title='bbox 818 1467 988 1533; x_wconf 84' lang='lat' dir='ltr'><strong>procedunt,</strong></span> <span class='ocrx_word' id='word_1_90' title='bbox 1012 1468 1122 1522; x_wconf 85' lang='lat' dir='ltr'><strong>scilicet</strong></span> <span class='ocrx_word' id='word_1_91' title='bbox 1142 1469 1176 1522; x_wconf 88' lang='lat' dir='ltr'><strong>ab</strong></span> <span class='ocrx_word' id='word_1_92' title='bbox 1199 1463 1376 1526; x_wconf 72' lang='lat' dir='ltr'><strong>assonantid</strong></span> 
     </span>
     <span class='ocr_line' id='line_1_12' title="bbox 234 1565 1016 1653; baseline -0.001 -29"><span class='ocrx_word' id='word_1_93' title='bbox 234 1574 296 1624; x_wconf 85' lang='lat' dir='ltr'><strong>eta</strong></span> <span class='ocrx_word' id='word_1_94' title='bbox 315 1567 534 1653; x_wconf 86' lang='lat' dir='ltr'><strong>ponderatione</strong></span> <span class='ocrx_word' id='word_1_95' title='bbox 555 1567 620 1627; x_wconf 91' lang='lat' dir='ltr'><strong>toni</strong></span> <span class='ocrx_word' id='word_1_96' title='bbox 641 1565 766 1645; x_wconf 87' lang='lat' dir='ltr'><strong>majoris</strong></span> <span class='ocrx_word' id='word_1_97' title='bbox 787 1581 841 1626; x_wconf 90' lang='lat' dir='ltr'><strong>seu</strong></span> <span class='ocrx_word' id='word_1_98' title='bbox 862 1567 1016 1625; x_wconf 84' lang='lat' dir='ltr'><strong>accentus.</strong></span> 
     </span>
    </p>

    <p class='ocr_par' dir='ltr' id='par_1_4' title="bbox 231 1661 1379 2895">
     <span class='ocr_line' id='line_1_13' title="bbox 265 1661 1377 1729; baseline 0 -12"><span class='ocrx_word' id='word_1_99' title='bbox 265 1664 297 1717; x_wconf 92' lang='lat' dir='ltr'><strong>Vi</strong></span> <span class='ocrx_word' id='word_1_100' title='bbox 324 1666 496 1718; x_wconf 82' lang='lat' dir='ltr'><strong>assonantiae</strong></span> <span class='ocrx_word' id='word_1_101' title='bbox 523 1667 615 1720; x_wconf 89' lang='lat' dir='ltr'><strong>oritur</strong></span> <span class='ocrx_word' id='word_1_102' title='bbox 645 1663 813 1718; x_wconf 87' lang='lat' dir='ltr'><strong>assimilatio</strong></span> <span class='ocrx_word' id='word_1_103' title='bbox 837 1661 970 1729; x_wconf 84' lang='lat' dir='ltr'><strong>quaedam</strong></span> <span class='ocrx_word' id='word_1_104' title='bbox 997 1662 1142 1716; x_wconf 89' lang='lat' dir='ltr'><strong>vocalium</strong></span> <span class='ocrx_word' id='word_1_105' title='bbox 1171 1663 1247 1715; x_wconf 91' lang='lat' dir='ltr'><strong>inter</strong></span> <span class='ocrx_word' id='word_1_106' title='bbox 1269 1678 1309 1724; x_wconf 87' lang='lat' dir='ltr'><strong>se,</strong></span> <span class='ocrx_word' id='word_1_107' title='bbox 1337 1665 1377 1718; x_wconf 91' lang='lat' dir='ltr'><strong>ita</strong></span> 
     </span>
     <span class='ocr_line' id='line_1_14' title="bbox 235 1751 1375 1834; baseline 0.003 -24"><span class='ocrx_word' id='word_1_108' title='bbox 235 1762 268 1810; x_wconf 93' lang='lat' dir='ltr'><strong>ut</strong></span> <span class='ocrx_word' id='word_1_109' title='bbox 294 1759 377 1812; x_wconf 85' lang='lat' dir='ltr'><strong>tortis</strong></span> <span class='ocrx_word' id='word_1_110' title='bbox 404 1759 511 1813; x_wconf 87' lang='lat' dir='ltr'><strong>vocalis</strong></span> <span class='ocrx_word' id='word_1_111' title='bbox 535 1751 640 1834; x_wconf 79' lang='lat' dir='ltr'><strong>(aaa)</strong></span> <span class='ocrx_word' id='word_1_112' title='bbox 667 1760 698 1812; x_wconf 91' lang='lat' dir='ltr'><strong>in</strong></span> <span class='ocrx_word' id='word_1_113' title='bbox 726 1758 870 1812; x_wconf 89' lang='lat' dir='ltr'><strong>anteriore</strong></span> <span class='ocrx_word' id='word_1_114' title='bbox 894 1758 941 1811; x_wconf 92' lang='lat' dir='ltr'><strong>vel</strong></span> <span class='ocrx_word' id='word_1_115' title='bbox 962 1759 1119 1824; x_wconf 89' lang='lat' dir='ltr'><strong>posteriore</strong></span> <span class='ocrx_word' id='word_1_116' title='bbox 1143 1759 1253 1826; x_wconf 81' lang='lat' dir='ltr'><strong>syllaba</strong></span> <span class='ocrx_word' id='word_1_117' title='bbox 1275 1761 1375 1814; x_wconf 90' lang='lat' dir='ltr'><strong>itidem</strong></span> 
     </span>
     <span class='ocr_line' id='line_1_15' title="bbox 234 1851 1374 1932; baseline 0.007 -26"><span class='ocrx_word' id='word_1_118' title='bbox 234 1855 339 1909; x_wconf 80' lang='lat' dir='ltr'><strong>fortem</strong></span> <span class='ocrx_word' id='word_1_119' title='bbox 353 1857 482 1909; x_wconf 85' lang='lat' dir='ltr'><strong>vocalem</strong></span> <span class='ocrx_word' id='word_1_120' title='bbox 498 1860 527 1909; x_wconf 90' lang='lat' dir='ltr'><strong>et</strong></span> <span class='ocrx_word' id='word_1_121' title='bbox 540 1870 617 1922; x_wconf 75' lang='lat' dir='ltr'><strong>saepe</strong></span> <span class='ocrx_word' id='word_1_122' title='bbox 632 1856 753 1909; x_wconf 87' lang='lat' dir='ltr'><strong>eandem</strong></span> <span class='ocrx_word' id='word_1_123' title='bbox 769 1857 914 1921; x_wconf 84' lang='lat' dir='ltr'><strong>praeterat,</strong></span> <span class='ocrx_word' id='word_1_124' title='bbox 939 1855 1035 1909; x_wconf 90' lang='lat' dir='ltr'><strong>tenuis</strong></span> <span class='ocrx_word' id='word_1_125' title='bbox 1058 1869 1126 1910; x_wconf 89' lang='lat' dir='ltr'><strong>vero</strong></span> <span class='ocrx_word' id='word_1_126' title='bbox 1148 1859 1267 1912; x_wconf 90' lang='lat' dir='ltr'><strong>tenuem</strong></span> <span class='ocrx_word' id='word_1_127' title='bbox 1286 1851 1315 1932; x_wconf 77' lang='lat' dir='ltr'><strong>(e</strong></span> <span class='ocrx_word' id='word_1_128' title='bbox 1335 1851 1374 1932; x_wconf 72' lang='grc' dir='ltr'><strong>ι’).</strong></span> 
     </span>
     <span class='ocr_line' id='line_1_16' title="bbox 234 1944 1377 2028; baseline 0.007 -24"><span class='ocrx_word' id='word_1_129' title='bbox 234 1952 282 2005; x_wconf 80' lang='lat' dir='ltr'><strong>lix.</strong></span> <span class='ocrx_word' id='word_1_130' title='bbox 311 1967 352 2018; x_wconf 88' lang='lat' dir='ltr'><strong>gr.</strong></span> <span class='ocrx_word' id='word_1_131' title='bbox 390 1947 694 2008; x_wconf 73' lang='lat' dir='ltr'><strong>ao-aor-enanlm</strong></span> <span class='ocrx_word' id='word_1_132' title='bbox 741 1944 900 2027; x_wconf 72' lang='lat' dir='ltr'><strong>(praedico)</strong></span> <span class='ocrx_word' id='word_1_133' title='bbox 948 1967 1000 2019; x_wconf 89' lang='lat' dir='ltr'><strong>pro</strong></span> <span class='ocrx_word' id='word_1_134' title='bbox 1048 1947 1208 2024; x_wconf 83' lang='lat' dir='ltr'><strong>do-air-;</strong></span> <span class='ocrx_word' id='word_1_135' title='bbox 1256 1951 1377 2028; x_wconf 80' lang='lat' dir='ltr'><strong>opstat</strong></span> 
     </span>
     <span class='ocr_line' id='line_1_17' title="bbox 236 2041 1378 2127; baseline 0.002 -21"><span class='ocrx_word' id='word_1_136' title='bbox 236 2041 430 2124; x_wconf 81' lang='lat' dir='ltr'><strong>(apostolus);</strong></span> <span class='ocrx_word' id='word_1_137' title='bbox 451 2046 629 2122; x_wconf 74' lang='lat' dir='ltr'><strong>perculsa,</strong></span> <span class='ocrx_word' id='word_1_138' title='bbox 662 2046 791 2120; x_wconf 84' lang='lat' dir='ltr'><strong>ecolso,</strong></span> <span class='ocrx_word' id='word_1_139' title='bbox 821 2045 961 2104; x_wconf 85' lang='lat' dir='ltr'><strong>aecolsc</strong></span> <span class='ocrx_word' id='word_1_140' title='bbox 992 2042 1158 2124; x_wconf 80' lang='lat' dir='ltr'><strong>(eeclesia,</strong></span> <span class='ocrx_word' id='word_1_141' title='bbox 1185 2047 1311 2127; x_wconf 77' lang='lat' dir='ltr'><strong>gemb),</strong></span> <span class='ocrx_word' id='word_1_142' title='bbox 1349 2059 1378 2107; x_wconf 91' lang='lat' dir='ltr'><strong>et</strong></span> 
     </span>
     <span class='ocr_line' id='line_1_18' title="bbox 233 2141 1378 2214; baseline 0.004 -13"><span class='ocrx_word' id='word_1_143' title='bbox 233 2154 332 2202; x_wconf 88' lang='lat' dir='ltr'><strong>contra</strong></span> <span class='ocrx_word' id='word_1_144' title='bbox 346 2141 465 2203; x_wconf 79' lang='lat' dir='ltr'><strong>ceilae.</strong></span> <span class='ocrx_word' id='word_1_145' title='bbox 481 2148 631 2202; x_wconf 87' lang='lat' dir='ltr'><strong>Interdum</strong></span> <span class='ocrx_word' id='word_1_146' title='bbox 654 2161 737 2211; x_wconf 87' lang='lat' dir='ltr'><strong>vero,</strong></span> <span class='ocrx_word' id='word_1_147' title='bbox 758 2152 791 2200; x_wconf 90' lang='lat' dir='ltr'><strong>ut</strong></span> <span class='ocrx_word' id='word_1_148' title='bbox 816 2148 883 2200; x_wconf 87' lang='lat' dir='ltr'><strong>huic</strong></span> <span class='ocrx_word' id='word_1_149' title='bbox 906 2149 1076 2201; x_wconf 85' lang='lat' dir='ltr'><strong>assonantiae</strong></span> <span class='ocrx_word' id='word_1_150' title='bbox 1092 2149 1172 2201; x_wconf 88' lang='lat' dir='ltr'><strong>loeus</strong></span> <span class='ocrx_word' id='word_1_151' title='bbox 1192 2149 1249 2214; x_wconf 84' lang='lat' dir='ltr'><strong>fiat,</strong></span> <span class='ocrx_word' id='word_1_152' title='bbox 1270 2153 1378 2206; x_wconf 88' lang='lat' dir='ltr'><strong>vocalis</strong></span> 
     </span>
     <span class='ocr_line' id='line_1_19' title="bbox 232 2241 1377 2308; baseline 0.003 -13"><span class='ocrx_word' id='word_1_153' title='bbox 232 2243 314 2296; x_wconf 89' lang='lat' dir='ltr'><strong>fortis</strong></span> <span class='ocrx_word' id='word_1_154' title='bbox 329 2247 451 2308; x_wconf 90' lang='lat' dir='ltr'><strong>augetur</strong></span> <span class='ocrx_word' id='word_1_155' title='bbox 464 2241 646 2308; x_wconf 72' lang='lat' dir='ltr'><strong>adiunctione</strong></span> <span class='ocrx_word' id='word_1_156' title='bbox 667 2241 775 2294; x_wconf 90' lang='lat' dir='ltr'><strong>vocalis</strong></span> <span class='ocrx_word' id='word_1_157' title='bbox 796 2241 904 2304; x_wconf 82' lang='lat' dir='ltr'><strong>tenuia,</strong></span> <span class='ocrx_word' id='word_1_158' title='bbox 921 2242 944 2293; x_wconf 91' lang='lat' dir='ltr'><strong>si</strong></span> <span class='ocrx_word' id='word_1_159' title='bbox 965 2242 996 2293; x_wconf 92' lang='lat' dir='ltr'><strong>in</strong></span> <span class='ocrx_word' id='word_1_160' title='bbox 1015 2243 1149 2308; x_wconf 85' lang='lat' dir='ltr'><strong>sequenti</strong></span> <span class='ocrx_word' id='word_1_161' title='bbox 1172 2243 1218 2296; x_wconf 91' lang='lat' dir='ltr'><strong>vel</strong></span> <span class='ocrx_word' id='word_1_162' title='bbox 1235 2245 1377 2299; x_wconf 88' lang='lat' dir='ltr'><strong>anteriore</strong></span> 
     </span>
     <span class='ocr_line' id='line_1_20' title="bbox 231 2329 1376 2412; baseline 0.001 -18"><span class='ocrx_word' id='word_1_163' title='bbox 231 2341 454 2407; x_wconf 78' lang='lat' dir='ltr'><strong>syllabavocalis</strong></span> <span class='ocrx_word' id='word_1_164' title='bbox 465 2344 509 2393; x_wconf 91' lang='lat' dir='ltr'><strong>est</strong></span> <span class='ocrx_word' id='word_1_165' title='bbox 524 2339 629 2402; x_wconf 90' lang='lat' dir='ltr'><strong>tenuis,</strong></span> <span class='ocrx_word' id='word_1_166' title='bbox 645 2343 675 2392; x_wconf 90' lang='lat' dir='ltr'><strong>et</strong></span> <span class='ocrx_word' id='word_1_167' title='bbox 688 2339 843 2400; x_wconf 74' lang='lat' dir='ltr'><strong>unsverai,</strong></span> <span class='ocrx_word' id='word_1_168' title='bbox 859 2341 891 2390; x_wconf 90' lang='lat' dir='ltr'><strong>u&#39;t</strong></span> <span class='ocrx_word' id='word_1_169' title='bbox 905 2334 1060 2394; x_wconf 79' lang='lat' dir='ltr'><strong>aeccilse</strong></span> <span class='ocrx_word' id='word_1_170' title='bbox 1077 2329 1231 2412; x_wconf 68' lang='lat' dir='ltr'><strong>(ecclesie,</strong></span> <span class='ocrx_word' id='word_1_171' title='bbox 1244 2342 1376 2407; x_wconf 88' lang='lat' dir='ltr'><strong>gen.)pro</strong></span> 
     </span>
     <span class='ocr_line' id='line_1_21' title="bbox 232 2429 1379 2512; baseline -0.002 -18"><span class='ocrx_word' id='word_1_172' title='bbox 232 2434 409 2508; x_wconf 66' lang='lat' dir='ltr'><strong>caecatam</strong></span> <span class='ocrx_word' id='word_1_173' title='bbox 424 2433 549 2493; x_wconf 72' lang='lat' dir='ltr'><strong>atbair</strong></span> <span class='ocrx_word' id='word_1_174' title='bbox 561 2429 668 2512; x_wconf 83' lang='lat' dir='ltr'><strong>(pater)</strong></span> <span class='ocrx_word' id='word_1_175' title='bbox 685 2452 735 2503; x_wconf 91' lang='lat' dir='ltr'><strong>pro</strong></span> <span class='ocrx_word' id='word_1_176' title='bbox 748 2437 918 2490; x_wconf 86' lang='lat' dir='ltr'><strong>correctiora</strong></span> <span class='ocrx_word' id='word_1_177' title='bbox 929 2431 1039 2491; x_wconf 78' lang='lat' dir='ltr'><strong>athir.</strong></span> <span class='ocrx_word' id='word_1_178' title='bbox 1051 2437 1117 2491; x_wconf 83' lang='lat' dir='ltr'><strong>Haec</strong></span> <span class='ocrx_word' id='word_1_179' title='bbox 1126 2441 1222 2490; x_wconf 92' lang='lat' dir='ltr'><strong>tamen</strong></span> <span class='ocrx_word' id='word_1_180' title='bbox 1233 2443 1379 2504; x_wconf 90' lang='lat' dir='ltr'><strong>postrema</strong></span> 
     </span>
     <span class='ocr_line' id='line_1_22' title="bbox 233 2531 1376 2599; baseline 0.001 -13"><span class='ocrx_word' id='word_1_181' title='bbox 233 2534 400 2587; x_wconf 81' lang='lat' dir='ltr'><strong>infectionis</strong></span> <span class='ocrx_word' id='word_1_182' title='bbox 425 2534 551 2599; x_wconf 88' lang='lat' dir='ltr'><strong>species,</strong></span> <span class='ocrx_word' id='word_1_183' title='bbox 572 2546 636 2599; x_wconf 85' lang='lat' dir='ltr'><strong>quae</strong></span> <span class='ocrx_word' id='word_1_184' title='bbox 655 2533 686 2584; x_wconf 90' lang='lat' dir='ltr'><strong>in</strong></span> <span class='ocrx_word' id='word_1_185' title='bbox 703 2532 803 2598; x_wconf 78' lang='lat' dir='ltr'><strong>lingua</strong></span> <span class='ocrx_word' id='word_1_186' title='bbox 821 2531 971 2585; x_wconf 78' lang='lat' dir='ltr'><strong>hibernica</strong></span> <span class='ocrx_word' id='word_1_187' title='bbox 988 2531 1148 2584; x_wconf 89' lang='lat' dir='ltr'><strong>recentiore</strong></span> <span class='ocrx_word' id='word_1_188' title='bbox 1169 2533 1199 2584; x_wconf 93' lang='lat' dir='ltr'><strong>in</strong></span> <span class='ocrx_word' id='word_1_189' title='bbox 1213 2534 1376 2598; x_wconf 79' lang='lat' dir='ltr'><strong>generalem</strong></span> 
     </span>
     <span class='ocr_line' id='line_1_23' title="bbox 233 2628 1378 2697; baseline 0.001 -15"><span class='ocrx_word' id='word_1_190' title='bbox 233 2631 363 2696; x_wconf 88' lang='lat' dir='ltr'><strong>regulam</strong></span> <span class='ocrx_word' id='word_1_191' title='bbox 392 2631 514 2692; x_wconf 88' lang='lat' dir='ltr'><strong>transiit,</strong></span> <span class='ocrx_word' id='word_1_192' title='bbox 543 2643 602 2683; x_wconf 91' lang='lat' dir='ltr'><strong>non</strong></span> <span class='ocrx_word' id='word_1_193' title='bbox 624 2630 694 2683; x_wconf 90' lang='lat' dir='ltr'><strong>adeo</strong></span> <span class='ocrx_word' id='word_1_194' title='bbox 722 2631 861 2697; x_wconf 84' lang='lat' dir='ltr'><strong>frequens</strong></span> <span class='ocrx_word' id='word_1_195' title='bbox 883 2633 927 2681; x_wconf 92' lang='lat' dir='ltr'><strong>est</strong></span> <span class='ocrx_word' id='word_1_196' title='bbox 945 2628 976 2680; x_wconf 90' lang='lat' dir='ltr'><strong>iu</strong></span> <span class='ocrx_word' id='word_1_197' title='bbox 1000 2628 1146 2681; x_wconf 88' lang='lat' dir='ltr'><strong>codicibus</strong></span> <span class='ocrx_word' id='word_1_198' title='bbox 1168 2629 1299 2692; x_wconf 84' lang='lat' dir='ltr'><strong>vetustis,</strong></span> <span class='ocrx_word' id='word_1_199' title='bbox 1324 2644 1378 2684; x_wconf 87' lang='lat' dir='ltr'><strong>nec</strong></span> 
     </span>
     <span class='ocr_line' id='line_1_24' title="bbox 234 2726 1378 2794; baseline 0.003 -14"><span class='ocrx_word' id='word_1_200' title='bbox 234 2728 437 2781; x_wconf 84' lang='lat' dir='ltr'><strong>contundenda</strong></span> <span class='ocrx_word' id='word_1_201' title='bbox 465 2732 509 2780; x_wconf 90' lang='lat' dir='ltr'><strong>est</strong></span> <span class='ocrx_word' id='word_1_202' title='bbox 536 2741 603 2781; x_wconf 90' lang='lat' dir='ltr'><strong>cum</strong></span> <span class='ocrx_word' id='word_1_203' title='bbox 638 2729 673 2780; x_wconf 76' lang='lat' dir='ltr'><strong>et</strong></span> <span class='ocrx_word' id='word_1_204' title='bbox 702 2740 767 2794; x_wconf 85' lang='lat' dir='ltr'><strong>quae</strong></span> <span class='ocrx_word' id='word_1_205' title='bbox 795 2726 923 2793; x_wconf 79' lang='lat' dir='ltr'><strong>gignitur</strong></span> <span class='ocrx_word' id='word_1_206' title='bbox 957 2740 991 2780; x_wconf 82' lang='lat' dir='ltr'><strong>ex</strong></span> <span class='ocrx_word' id='word_1_207' title='bbox 1025 2728 1234 2781; x_wconf 88' lang='lat' dir='ltr'><strong>retrocessione</strong></span> <span class='ocrx_word' id='word_1_208' title='bbox 1271 2729 1378 2783; x_wconf 89' lang='lat' dir='ltr'><strong>vocalis</strong></span> 
     </span>
     <span class='ocr_line' id='line_1_25' title="bbox 234 2828 745 2895; baseline -0.004 -13"><span class='ocrx_word' id='word_1_209' title='bbox 234 2829 269 2882; x_wconf 92' lang='lat' dir='ltr'><strong>ob</strong></span> <span class='ocrx_word' id='word_1_210' title='bbox 296 2828 535 2895; x_wconf 82' lang='lat' dir='ltr'><strong>ponderationem</strong></span> <span class='ocrx_word' id='word_1_211' title='bbox 565 2831 709 2881; x_wconf 87' lang='lat' dir='ltr'><strong>accentus.</strong></span> <span class='ocrx_word' id='word_1_212' title='bbox 740 2835 745 2850; x_wconf 83' lang='lat'><strong>¹</strong></span> 
     </span>
    </p>

    <p class='ocr_par' dir='ltr' id='par_1_5' title="bbox 232 2927 1381 3678">
     <span class='ocr_line' id='line_1_26' title="bbox 263 2927 1378 2996; baseline 0.002 -16"><span class='ocrx_word' id='word_1_213' title='bbox 263 2928 297 2980; x_wconf 90' lang='lat' dir='ltr'><strong>Vi</strong></span> <span class='ocrx_word' id='word_1_214' title='bbox 324 2927 539 2994; x_wconf 89' lang='lat' dir='ltr'><strong>ponderationis</strong></span> <span class='ocrx_word' id='word_1_215' title='bbox 568 2931 703 2981; x_wconf 87' lang='lat' dir='ltr'><strong>accentus</strong></span> <span class='ocrx_word' id='word_1_216' title='bbox 730 2927 838 2994; x_wconf 81' lang='lat' dir='ltr'><strong>duplex</strong></span> <span class='ocrx_word' id='word_1_217' title='bbox 863 2927 954 2980; x_wconf 91' lang='lat' dir='ltr'><strong>oritur</strong></span> <span class='ocrx_word' id='word_1_218' title='bbox 978 2927 1107 2980; x_wconf 85' lang='lat' dir='ltr'><strong>effectus.</strong></span> <span class='ocrx_word' id='word_1_219' title='bbox 1133 2927 1164 2980; x_wconf 93' lang='lat' dir='ltr'><strong>ln</strong></span> <span class='ocrx_word' id='word_1_220' title='bbox 1189 2929 1290 2981; x_wconf 83' lang='lat' dir='ltr'><strong>formis</strong></span> <span class='ocrx_word' id='word_1_221' title='bbox 1312 2943 1378 2996; x_wconf 78' lang='lat' dir='ltr'><strong>quaa</strong></span> 
     </span>
     <span class='ocr_line' id='line_1_27' title="bbox 232 3023 1377 3091; baseline 0.003 -15"><span class='ocrx_word' id='word_1_222' title='bbox 232 3024 348 3089; x_wconf 82' lang='lat' dir='ltr'><strong>praefixa</strong></span> <span class='ocrx_word' id='word_1_223' title='bbox 376 3027 406 3076; x_wconf 90' lang='lat' dir='ltr'><strong>et</strong></span> <span class='ocrx_word' id='word_1_224' title='bbox 433 3025 567 3077; x_wconf 82' lang='lat' dir='ltr'><strong>tortiores</strong></span> <span class='ocrx_word' id='word_1_225' title='bbox 594 3024 724 3089; x_wconf 79' lang='lat' dir='ltr'><strong>praebent</strong></span> <span class='ocrx_word' id='word_1_226' title='bbox 752 3023 980 3086; x_wconf 87' lang='lat' dir='ltr'><strong>terminationes,</strong></span> <span class='ocrx_word' id='word_1_227' title='bbox 1010 3037 1074 3090; x_wconf 75' lang='lat' dir='ltr'><strong>quae</strong></span> <span class='ocrx_word' id='word_1_228' title='bbox 1103 3038 1207 3091; x_wconf 88' lang='lat' dir='ltr'><strong>nempe</strong></span> <span class='ocrx_word' id='word_1_229' title='bbox 1237 3026 1271 3078; x_wconf 91' lang='lat' dir='ltr'><strong>ab</strong></span> <span class='ocrx_word' id='word_1_230' title='bbox 1294 3026 1377 3081; x_wconf 92' lang='lat' dir='ltr'><strong>initio</strong></span> 
     </span>
     <span class='ocr_line' id='line_1_28' title="bbox 233 3117 1376 3184; baseline 0.003 -17"><span class='ocrx_word' id='word_1_231' title='bbox 233 3120 263 3168; x_wconf 89' lang='lat' dir='ltr'><strong>et</strong></span> <span class='ocrx_word' id='word_1_232' title='bbox 289 3117 319 3168; x_wconf 93' lang='lat' dir='ltr'><strong>in</strong></span> <span class='ocrx_word' id='word_1_233' title='bbox 347 3117 405 3170; x_wconf 90' lang='lat' dir='ltr'><strong>fine</strong></span> <span class='ocrx_word' id='word_1_234' title='bbox 431 3123 521 3171; x_wconf 86' lang='lat' dir='ltr'><strong>auctae</strong></span> <span class='ocrx_word' id='word_1_235' title='bbox 550 3122 633 3179; x_wconf 91' lang='lat' dir='ltr'><strong>sunt,</strong></span> <span class='ocrx_word' id='word_1_236' title='bbox 663 3118 807 3170; x_wconf 82' lang='lat' dir='ltr'><strong>excutitur</strong></span> <span class='ocrx_word' id='word_1_237' title='bbox 834 3130 910 3181; x_wconf 85' lang='lat' dir='ltr'><strong>saepe</strong></span> <span class='ocrx_word' id='word_1_238' title='bbox 946 3117 1054 3169; x_wconf 90' lang='lat' dir='ltr'><strong>vocalis</strong></span> <span class='ocrx_word' id='word_1_239' title='bbox 1081 3117 1230 3180; x_wconf 84' lang='lat' dir='ltr'><strong>radicalis,</strong></span> <span class='ocrx_word' id='word_1_240' title='bbox 1261 3133 1305 3170; x_wconf 86' lang='lat' dir='ltr'><strong>ex.</strong></span> <span class='ocrx_word' id='word_1_241' title='bbox 1335 3133 1376 3184; x_wconf 91' lang='lat' dir='ltr'><strong>gr.</strong></span> 
     </span>
     <span class='ocr_line' id='line_1_29' title="bbox 232 3208 1376 3295; baseline 0.004 -26"><span class='ocrx_word' id='word_1_242' title='bbox 232 3208 1376 3295; x_wconf 64' lang='lat' dir='ltr'><strong>eosrradmestruetio)pro*resanescaoorocparar(edificaverunt)</strong></span> 
     </span>
     <span class='ocr_line' id='line_1_30' title="bbox 232 3305 1380 3386; baseline 0.003 -21"><span class='ocrx_word' id='word_1_243' title='bbox 232 3327 284 3378; x_wconf 91' lang='lat' dir='ltr'><strong>pro</strong></span> <span class='ocrx_word' id='word_1_244' title='bbox 305 3305 618 3386; x_wconf 74' lang='lat' dir='ltr'><strong>*eon-ro-teg-otar.</strong></span> <span class='ocrx_word' id='word_1_245' title='bbox 634 3315 665 3367; x_wconf 92' lang='lat' dir='ltr'><strong>ln</strong></span> <span class='ocrx_word' id='word_1_246' title='bbox 686 3314 788 3368; x_wconf 86' lang='lat' dir='ltr'><strong>formis</strong></span> <span class='ocrx_word' id='word_1_247' title='bbox 810 3319 907 3367; x_wconf 87' lang='lat' dir='ltr'><strong>autem</strong></span> <span class='ocrx_word' id='word_1_248' title='bbox 923 3314 1175 3368; x_wconf 84' lang='lat' dir='ltr'><strong>terminationibus</strong></span> <span class='ocrx_word' id='word_1_249' title='bbox 1192 3313 1380 3369; x_wconf 88' lang='lat' dir='ltr'><strong>debilioribus</strong></span> 
     </span>
     <span class='ocr_line' id='line_1_31' title="bbox 233 3409 1379 3477; baseline 0.003 -16"><span class='ocrx_word' id='word_1_250' title='bbox 233 3409 369 3476; x_wconf 71' lang='lat' dir='ltr'><strong>praeditis,</strong></span> <span class='ocrx_word' id='word_1_251' title='bbox 394 3411 502 3465; x_wconf 88' lang='lat' dir='ltr'><strong>vocalis</strong></span> <span class='ocrx_word' id='word_1_252' title='bbox 520 3412 631 3477; x_wconf 82' lang='lat' dir='ltr'><strong>praefixi</strong></span> <span class='ocrx_word' id='word_1_253' title='bbox 652 3411 698 3464; x_wconf 92' lang='lat' dir='ltr'><strong>vel</strong></span> <span class='ocrx_word' id='word_1_254' title='bbox 726 3411 838 3475; x_wconf 90' lang='lat' dir='ltr'><strong>radicis,</strong></span> <span class='ocrx_word' id='word_1_255' title='bbox 861 3411 907 3465; x_wconf 93' lang='lat' dir='ltr'><strong>vel</strong></span> <span class='ocrx_word' id='word_1_256' title='bbox 932 3411 1118 3464; x_wconf 87' lang='lat' dir='ltr'><strong>derivationis</strong></span> <span class='ocrx_word' id='word_1_257' title='bbox 1141 3415 1263 3476; x_wconf 90' lang='lat' dir='ltr'><strong>augetur</strong></span> <span class='ocrx_word' id='word_1_258' title='bbox 1287 3415 1379 3465; x_wconf 82' lang='lat' dir='ltr'><strong>retro·</strong></span> 
     </span>
     <span class='ocr_line' id='line_1_32' title="bbox 234 3506 1378 3575; baseline 0.002 -17"><span class='ocrx_word' id='word_1_259' title='bbox 234 3506 364 3559; x_wconf 91' lang='lat' dir='ltr'><strong>cessione</strong></span> <span class='ocrx_word' id='word_1_260' title='bbox 393 3512 423 3560; x_wconf 90' lang='lat' dir='ltr'><strong>et</strong></span> <span class='ocrx_word' id='word_1_261' title='bbox 449 3507 613 3560; x_wconf 90' lang='lat' dir='ltr'><strong>accessione</strong></span> <span class='ocrx_word' id='word_1_262' title='bbox 638 3507 745 3560; x_wconf 89' lang='lat' dir='ltr'><strong>vocalis</strong></span> <span class='ocrx_word' id='word_1_263' title='bbox 768 3508 925 3574; x_wconf 84' lang='lat' dir='ltr'><strong>sequentis,</strong></span> <span class='ocrx_word' id='word_1_264' title='bbox 949 3509 1027 3575; x_wconf 84' lang='lat' dir='ltr'><strong>qrrod</strong></span> <span class='ocrx_word' id='word_1_265' title='bbox 1050 3510 1084 3561; x_wconf 92' lang='lat' dir='ltr'><strong>fit</strong></span> <span class='ocrx_word' id='word_1_266' title='bbox 1107 3508 1242 3574; x_wconf 92' lang='lat' dir='ltr'><strong>pluribus</strong></span> <span class='ocrx_word' id='word_1_267' title='bbox 1263 3509 1378 3561; x_wconf 90' lang='lat' dir='ltr'><strong>modis:</strong></span> 
     </span>
     <span class='ocr_line' id='line_1_33' title="bbox 235 3601 1381 3678; baseline 0.004 -23"><span class='ocrx_word' id='word_1_268' title='bbox 235 3607 265 3670; x_wconf 89' lang='lat' dir='ltr'><strong>l)</strong></span> <span class='ocrx_word' id='word_1_269' title='bbox 300 3607 442 3670; x_wconf 79' lang='lat' dir='ltr'><strong>regressio</strong></span> <span class='ocrx_word' id='word_1_270' title='bbox 476 3605 583 3658; x_wconf 90' lang='lat' dir='ltr'><strong>vocalis</strong></span> <span class='ocrx_word' id='word_1_271' title='bbox 620 3605 753 3658; x_wconf 87' lang='lat' dir='ltr'><strong>flexionis</strong></span> <span class='ocrx_word' id='word_1_272' title='bbox 787 3607 821 3657; x_wconf 90' lang='lat' dir='ltr'><strong>ad</strong></span> <span class='ocrx_word' id='word_1_273' title='bbox 857 3607 986 3658; x_wconf 88' lang='lat' dir='ltr'><strong>vocalem</strong></span> <span class='ocrx_word' id='word_1_274' title='bbox 1024 3606 1230 3659; x_wconf 90' lang='lat' dir='ltr'><strong>derivationis:</strong></span> <span class='ocrx_word' id='word_1_275' title='bbox 1257 3601 1381 3678; x_wconf 76' lang='lat' dir='ltr'><strong>pabda’i</strong></span> 
     </span>
    </p>
   </div>
   <div class='ocr_carea' id='block_1_4' title="bbox 135 3692 1381 3775">
    <p class='ocr_par' dir='ltr' id='par_1_6' title="bbox 135 3692 1381 3775">
     <span class='ocr_line' id='line_1_34' title="bbox 135 3692 1381 3775; baseline 0 -19"><span class='ocrx_word' id='word_1_276' title='bbox 135 3699 142 3713; x_wconf 80' lang='lat'>⁸</span> <span class='ocrx_word' id='word_1_277' title='bbox 237 3692 393 3774; x_wconf 84' lang='lat' dir='ltr'><strong>(captioni,</strong></span> <span class='ocrx_word' id='word_1_278' title='bbox 424 3703 480 3754; x_wconf 87' lang='lat' dir='ltr'><strong>dat.</strong></span> <span class='ocrx_word' id='word_1_279' title='bbox 504 3701 588 3766; x_wconf 82' lang='lat' dir='ltr'><strong>sing.)</strong></span> <span class='ocrx_word' id='word_1_280' title='bbox 612 3715 663 3768; x_wconf 90' lang='lat' dir='ltr'><strong>pro</strong></span> <span class='ocrx_word' id='word_1_281' title='bbox 674 3694 839 3774; x_wconf 70' lang='lat' dir='ltr'><strong>*pubol-i,</strong></span> <span class='ocrx_word' id='word_1_282' title='bbox 865 3704 924 3754; x_wconf 86' lang='lat' dir='ltr'><strong>rad.</strong></span> <span class='ocrx_word' id='word_1_283' title='bbox 946 3697 1031 3775; x_wconf 56' lang='lat' dir='ltr'><strong>palm</strong></span> <span class='ocrx_word' id='word_1_284' title='bbox 1059 3705 1081 3766; x_wconf 75' lang='lat'><strong>2)</strong></span> <span class='ocrx_word' id='word_1_285' title='bbox 1108 3702 1250 3767; x_wconf 82' lang='lat' dir='ltr'><strong>regressio</strong></span> <span class='ocrx_word' id='word_1_286' title='bbox 1274 3703 1381 3756; x_wconf 85' lang='lat' dir='ltr'><strong>vocalis</strong></span> 
     </span>
    </p>
   </div>
   <div class='ocr_carea' id='block_1_5' title="bbox 234 3791 1381 3970">
    <p class='ocr_par' dir='ltr' id='par_1_7' title="bbox 234 3791 1381 3970">
     <span class='ocr_line' id='line_1_35' title="bbox 234 3791 1379 3874; baseline 0.003 -24"><span class='ocrx_word' id='word_1_287' title='bbox 234 3797 370 3851; x_wconf 86' lang='lat' dir='ltr'><strong>flexionis</strong></span> <span class='ocrx_word' id='word_1_288' title='bbox 394 3797 429 3850; x_wconf 92' lang='lat' dir='ltr'><strong>ad</strong></span> <span class='ocrx_word' id='word_1_289' title='bbox 455 3799 586 3851; x_wconf 89' lang='lat' dir='ltr'><strong>vocalem</strong></span> <span class='ocrx_word' id='word_1_290' title='bbox 611 3798 737 3851; x_wconf 89' lang='lat' dir='ltr'><strong>radicis:</strong></span> <span class='ocrx_word' id='word_1_291' title='bbox 763 3793 843 3852; x_wconf 72' lang='lat' dir='ltr'><strong>bicor</strong></span> <span class='ocrx_word' id='word_1_292' title='bbox 872 3791 957 3874; x_wconf 83' lang='lat' dir='ltr'><strong>(fero)</strong></span> <span class='ocrx_word' id='word_1_293' title='bbox 986 3813 1037 3865; x_wconf 92' lang='lat' dir='ltr'><strong>pro</strong></span> <span class='ocrx_word' id='word_1_294' title='bbox 1066 3793 1197 3870; x_wconf 70' lang='lat' dir='ltr'><strong>*biv-tt,</strong></span> <span class='ocrx_word' id='word_1_295' title='bbox 1222 3800 1280 3853; x_wconf 91' lang='lat' dir='ltr'><strong>rad.</strong></span> <span class='ocrx_word' id='word_1_296' title='bbox 1303 3794 1379 3870; x_wconf 82' lang='lat' dir='ltr'><strong>ber;</strong></span> 
     </span>
     <span class='ocr_line' id='line_1_36' title="bbox 239 3892 1381 3970; baseline 0.004 -24"><span class='ocrx_word' id='word_1_297' title='bbox 239 3896 262 3958; x_wconf 76' lang='lat'><strong>3)</strong></span> <span class='ocrx_word' id='word_1_298' title='bbox 275 3897 415 3961; x_wconf 89' lang='lat' dir='ltr'><strong>regressio</strong></span> <span class='ocrx_word' id='word_1_299' title='bbox 425 3896 531 3948; x_wconf 88' lang='lat' dir='ltr'><strong>vocalis</strong></span> <span class='ocrx_word' id='word_1_300' title='bbox 546 3895 732 3948; x_wconf 88' lang='lat' dir='ltr'><strong>derivationis</strong></span> <span class='ocrx_word' id='word_1_301' title='bbox 746 3896 781 3948; x_wconf 92' lang='lat' dir='ltr'><strong>ad</strong></span> <span class='ocrx_word' id='word_1_302' title='bbox 798 3895 927 3948; x_wconf 91' lang='lat' dir='ltr'><strong>vocalem</strong></span> <span class='ocrx_word' id='word_1_303' title='bbox 937 3895 1091 3948; x_wconf 90' lang='lat' dir='ltr'><strong>radicalem</strong></span> <span class='ocrx_word' id='word_1_304' title='bbox 1110 3913 1115 3947; x_wconf 95' lang='lat'><strong>:</strong></span> <span class='ocrx_word' id='word_1_305' title='bbox 1138 3892 1381 3970; x_wconf 73' lang='lat' dir='ltr'><strong>noteimlt&#39;qtis</strong></span> 
     </span>
    </p>
   </div>
   <div class='ocr_carea' id='block_1_6' title="bbox 236 3983 1381 4164">
    <p class='ocr_par' dir='ltr' id='par_1_8' title="bbox 236 3983 1381 4164">
     <span class='ocr_line' id='line_1_37' title="bbox 237 3983 1379 4068; baseline -0.002 -22"><span class='ocrx_word' id='word_1_306' title='bbox 237 3983 301 4065; x_wconf 86' lang='lat' dir='ltr'><strong>(qui</strong></span> <span class='ocrx_word' id='word_1_307' title='bbox 315 3985 497 4068; x_wconf 84' lang='lat' dir='ltr'><strong>caligabant)</strong></span> <span class='ocrx_word' id='word_1_308' title='bbox 517 4006 570 4060; x_wconf 90' lang='lat' dir='ltr'><strong>pro</strong></span> <span class='ocrx_word' id='word_1_309' title='bbox 583 3986 930 4065; x_wconf 52' lang='lat' dir='ltr'><strong>*nonem-elegiis</strong></span> <span class='ocrx_word' id='word_1_310' title='bbox 946 4009 962 4046; x_wconf 84' lang='lat' dir='ltr'><strong>a</strong></span> <span class='ocrx_word' id='word_1_311' title='bbox 977 3989 1082 4048; x_wconf 82' lang='lat' dir='ltr'><strong>temet</strong></span> <span class='ocrx_word' id='word_1_312' title='bbox 1099 3985 1304 4068; x_wconf 83' lang='lat' dir='ltr'><strong>(obscuritas),</strong></span> <span class='ocrx_word' id='word_1_313' title='bbox 1322 3994 1379 4046; x_wconf 87' lang='lat' dir='ltr'><strong>rad.</strong></span> 
     </span>
     <span class='ocr_line' id='line_1_38' title="bbox 236 4083 1381 4164; baseline 0.003 -22"><span class='ocrx_word' id='word_1_314' title='bbox 236 4087 321 4159; x_wconf 67' lang='lat' dir='ltr'><strong>tarra·</strong></span> <span class='ocrx_word' id='word_1_315' title='bbox 337 4090 363 4155; x_wconf 79' lang='lat' dir='ltr'><strong>t)</strong></span> <span class='ocrx_word' id='word_1_316' title='bbox 377 4089 517 4156; x_wconf 87' lang='lat' dir='ltr'><strong>regressio</strong></span> <span class='ocrx_word' id='word_1_317' title='bbox 531 4089 640 4145; x_wconf 90' lang='lat' dir='ltr'><strong>vocalis</strong></span> <span class='ocrx_word' id='word_1_318' title='bbox 653 4090 785 4143; x_wconf 88' lang='lat' dir='ltr'><strong>radicalis</strong></span> <span class='ocrx_word' id='word_1_319' title='bbox 796 4089 831 4143; x_wconf 90' lang='lat' dir='ltr'><strong>ad</strong></span> <span class='ocrx_word' id='word_1_320' title='bbox 845 4090 974 4144; x_wconf 90' lang='lat' dir='ltr'><strong>vocalem</strong></span> <span class='ocrx_word' id='word_1_321' title='bbox 990 4089 1117 4156; x_wconf 80' lang='lat' dir='ltr'><strong>praefixi:</strong></span> <span class='ocrx_word' id='word_1_322' title='bbox 1133 4085 1290 4160; x_wconf 79' lang='lat' dir='ltr'><strong>foirctltc</strong></span> <span class='ocrx_word' id='word_1_323' title='bbox 1307 4083 1381 4164; x_wconf 84' lang='lat' dir='ltr'><strong>(ins-</strong></span> 
     </span>
    </p>
   </div>
   <div class='ocr_carea' id='block_1_7' title="bbox 269 4314 371 4364">
    <p class='ocr_par' dir='ltr' id='par_1_9' title="bbox 269 4314 371 4364">
     <span class='ocr_line' id='line_1_39' title="bbox 269 4314 371 4364; baseline -0.039 0"><span class='ocrx_word' id='word_1_324' title='bbox 269 4314 289 4364; x_wconf 90' lang='lat' dir='ltr'><strong>l.</strong></span> <span class='ocrx_word' id='word_1_325' title='bbox 305 4314 333 4362; x_wconf 82' lang='lat' dir='ltr'><strong>Z.</strong></span> <span class='ocrx_word' id='word_1_326' title='bbox 348 4315 371 4364; x_wconf 80' lang='lat' dir='ltr'><strong>t.</strong></span> 
     </span>
    </p>
   </div>
   <div class='ocr_carea' id='block_1_8' title="bbox 0 0 1797 5586">
    <p class='ocr_par' dir='ltr' id='par_1_10' title="bbox 0 0 1797 5586">
     <span class='ocr_line' id='line_1_40' title="bbox 0 0 1797 5586; baseline 0 0"><span class='ocrx_word' id='word_1_327' title='bbox 0 0 1797 5586; x_wconf 95' lang='lat' dir='ltr'><strong> </strong></span> 
     </span>
    </p>
   </div>
  </div>
 </body>
</html>
